2950 4892
679 423 742 469 ι..
788 420 1043 471 aarum
1098 420 1319 469 noni
1376 420 1515 469 Lm.
1565 419 1664 469 iv.
1714 420 1873 470 cst.
1918 404 2021 472 12.

252 569 425 620 aaa„
464 567 584 617 am
618 565 871 618 osam
938 540 1111 631 σφω’
1129 565 1321 616 mazio

253 652 440 698 natum
478 645 689 708 regio-io
721 645 853 695 circu
891 644 1045 695 onais
1092 643 1321 706 aurifer-m

2283 408 2454 478 1097

1395 569 1538 614 sunt.
1605 563 1677 616 Is.
1704 564 1916 617 Vossius
1950 567 2038 618 hie
2068 569 2352 635 scripserat
2384 573 2455 622 lo·

1396 658 1513 694 cum
1539 652 1683 695 recte
1717 645 1821 711 legi
1854 646 1907 696 iu
1942 645 2090 698 libris
2125 656 2257 701 vett.
2292 658 2347 701 et
2382 653 2456 700 in·

257 723 487 787 Ingentis
525 737 638 773 susus
672 728 755 772 est
796 722 1023 786 ingentis
1066 720 1320 771 utilitatis.
1391 721 1554 784 gentis
1589 736 1686 771 em
1729 732 2059 788 exposuerat,
2093 724 2316 790 ingentis
2351 742 2456 778 mo·

256 801 444 863 lugeas
474 798 715 850 condiunt
734 796 835 848 sibi
861 797 999 855 haud
1035 798 1227 848 lectum
1249 798 1325 848 ait

255 880 315 929 in
359 877 560 947 Latinis
597 875 958 965 scriptoribus,
997 875 1136 941 quod
1171 875 1322 925 sciat.

251 956 370 1007 Sed
392 957 655 1020 vulgatam
677 968 779 1004 non
807 953 987 1019 rejicio
1022 954 1146 1004 lect.
1171 966 1323 1018 quam

258 1034 358 1084 alii
405 1031 558 1083 codd.
604 1036 857 1082 asserunt.
940 1028 1042 1093 Ap.
1086 1030 1199 1081 Cic.
1241 1035 1326 1080 est

254 1124 491 1175 munus
531 1109 789 1160 εουὶᾶιιηι.
878 1107 943 1158 Ιιι
983 1109 1084 1173 Ep.
1117 1107 1184 1157 ad
1207 1106 1322 1158 Att.

256 1203 345 1239 vr.
422 1188 439 1216 ‘
474 1186 611 1239 Quid
666 1184 811 1238 atati
866 1185 937 1236 sit
989 1183 1323 1248 credendum,

254 1264 445 1330 magni
480 1262 682 1314 consilii
720 1260 1050 1314 est.'1d.1u
1082 1261 1199 1311 iisd.
1224 1261 1321 1325 Ep.

254 1346 273 1372 ‘
306 1341 461 1393 Nihil
480 1340 604 1391 milui
636 1339 804 1390 adhue
820 1339 1033 1403 accidit,
1059 1339 1199 1404 quod
1221 1353 1327 1388 ma·

243 1421 390 1486 jovis
410 1418 612 1469 consilii
632 1416 738 1468 sit!
805 1414 947 1466 Alibi
971 1416 1046 1467 sic
1075 1416 1232 1465 etiam
1255 1416 1328 1465 lo·

255 1497 464 1563 quitur.
528 1497 634 1547 Cur
674 1493 937 1560 repudiem
972 1492 1185 1555 ingentis
1223 1507 1328 1542 oon·

255 1571 410 1624 uitii?
457 1573 640 1625 Florus
675 1569 903 1635 scripsit,
931 1576 992 1619 ut
1025 1577 1105 1619 est
1132 1570 1324 1620 acumi-

257 1664 390 1701 num
428 1649 720 1712 affectator,
757 1647 980 1710 Ingentis
1014 1662 1112 1698 esse
1143 1647 1328 1697 consilii

255 1728 514 1780 nutilium
548 1727 665 1776 illud
684 1724 921 1775 obseram
949 1724 1107 1789 coepit.
1177 1723 1325 1774 Istud

258 1805 538 1856 consilium
561 1802 804 1868 Augusti,
834 1801 971 1868 quod
993 1801 1164 1852 verbis
1197 1817 1328 1866 proe·

257 1883 422 1934 cedd.
446 1882 706 1947 exposuit,
724 1896 839 1932 cum
855 1895 921 1931 ex
945 1880 1199 1930 montanis
1222 1886 1328 1930 ter·

258 1961 341 2010 ris
367 1959 530 2024 jussit
562 1957 781 2009 Astures
813 1958 866 2008 in
897 1958 1078 2021 planos
1113 1970 1326 2021 campos

260 2038 514 2102 migrare,
548 2052 616 2088 ne
650 2035 843 2086 fidncia
878 2035 1129 2087 montium
1165 2035 1328 2085 rebel·

258 2116 460 2177 iurent,
491 2114 861 2165 observabatur
892 2129 1008 2165 esse
1022 2114 1327 2180 prudentis·

212 2188 221 2197 '
259 2194 471 2243 simum.
538 2191 658 2243 Hoc
680 2192 898 2243 consilio
925 2192 1058 2243 enim
1083 2193 1135 2241 in
1157 2189 1329 2242 officio

261 2277 327 2321 et
364 2269 616 2335 obsequio
659 2277 895 2320 retentus
932 2276 1012 2320 est
1052 2277 1330 2320 contumax

260 2346 511 2412 populus.
575 2346 729 2396 Lusit
749 2345 931 2396 Florus
951 2347 1003 2395 in
1019 2359 1147 2397 voce
1177 2346 1332 2396 ‘cou-

263 2420 481 2485 silium,'
503 2421 642 2487 qnod
665 2421 816 2472 ruodo
845 2422 1055 2486 accepit
1078 2436 1175 2486 pro
1208 2421 1332 2472 rati-

261 2513 371 2549 oue
412 2499 618 2563 agendi,
664 2514 818 2565 quam
861 2499 1189 2564 excogitarat
1226 2497 1332 2549 Au·

264 2583 471 2642 gustus,
491 2582 553 2625 nt
584 2576 639 2625 in
660 2574 764 2626 fide
801 2582 1074 2626 manerent
1106 2574 1332 2639 subacti,

264 2655 429 2706 modo
451 2668 547 2718 pro
567 2654 881 2719 prudentia;
911 2655 989 2704 ita
1011 2659 1069 2704 ut
1089 2653 1336 2704 consilinm

262 2734 439 2798 nug-ni
459 2748 553 2784 sen
585 2734 795 2796 ingentis
818 2732 1007 2783 consilii
1028 2733 1078 2782 ei
1112 2733 1181 2783 sit
1214 2746 1333 2783 con·

266 2813 445 2863 silium
479 2812 687 2877 pienum
724 2811 1038 2877 prudentie,
1065 2811 1336 2862 consilinm

263 2889 730 2954 sapientissimum.
801 2888 1059 2939 oomni
1078 2888 1219 2954 coepit
1240 2897 1338 2950 est,

266 2968 605 3018 observatum
643 2972 751 3017 tum
788 2972 886 3017 est.
956 2966 1060 3017 Sed
1093 2966 1223 3016 nihil
1254 2966 1338 3017 hic

267 3045 397 3096 novi
419 3044 633 3108 consilii,
655 3042 794 3110 quod
817 3050 940 3095 aute
956 3043 1213 3108 ignorarit
1234 3058 1340 3094 res-

262 3122 498 3187 publica.
532 3121 680 3172 Idem
705 3121 976 3172 consilium
993 3127 1205 3172 secutus
1225 3126 1341 3170 erat

265 3204 397 3249 ente
418 3198 698 3263 Pompeius
733 3198 787 3248 in
820 3199 1002 3262 piratis
1033 3197 1340 3249 coercendis

268 3286 333 3329 et
371 3277 757 3343 perdomandis,
802 3278 940 3344 quod
994 3278 1107 3343 ipse
1153 3279 1341 3329 Florus

269 3354 583 3421 pradicavit
612 3368 705 3419 m,
734 3360 787 3406 6.
851 3359 868 3385 ‘
889 3356 1007 3407 Nec
1046 3353 1254 3406 fidelior
1289 3355 1342 3405 in

270 3438 547 3497 posterum
581 3437 793 3496 reperte
815 3447 943 3496 gens
965 3433 1072 3482 ulla
1093 3438 1189 3483 est.
1255 3430 1344 3483 Id-

271 3522 380 3574 que
433 3515 771 3573 prospectum
826 3507 1075 3573 singulari
1129 3508 1345 3560 consilio

272 3585 449 3649 ducis,
477 3584 566 3651 qui
598 3585 910 3635 maritimum
950 3599 1112 3650 genus
1147 3600 1180 3636 a
1223 3600 1345 3637 con-

274 3668 472 3726 spectu
493 3661 645 3725 louge
674 3662 900 3714 removit
917 3662 1088 3725 muris,
1108 3670 1165 3713 et
1185 3663 1347 3713 niedi-

273 3742 538 3795 serraneis
561 3741 699 3807 agris
715 3742 865 3807 quasi
879 3740 1168 3806 obligavit!
1181 3741 1346 3791 Grau.

277 3819 416 3870 Cum
439 3818 573 3869 Nan.
610 3824 668 3868 et
687 3818 824 3868 Pali.
851 3818 1010 3869 etism
1041 3817 1131 3868 aiii
1160 3816 1345 3883 scripti

277 3900 337 3945 et
373 3910 421 3945 v.
442 3908 492 3945 e.
530 3895 712 3958 paucis
748 3894 1004 3960 exceptis,
1036 3909 1151 3961 qun
1194 3893 1347 3943 aliter

278 3969 607 4032 scribuntur,
660 3971 1010 4022 consentiunt.
1102 3970 1239 4021 Nam
1294 3968 1348 4018 in

279 4047 453 4114 Ryck.
478 4048 614 4111 Reg.
637 4047 705 4111 Q,
744 4053 801 4097 et
833 4047 976 4097 Flor.
994 4045 1169 4112 priore
1200 4046 1236 4095 l.
1266 4051 1351 4096 est

277 4127 484 4190 ausilii,
503 4127 631 4177 etin
647 4132 867 4192 utroque
890 4126 1025 4189 Reg.
1041 4124 1189 4188 cupit,
1203 4122 1352 4188 [δια]

279 4202 567 4268 Vulgatam
621 4202 745 4252 lect.
802 4203 1025 4268 primum
1078 4201 1135 4252 in
1190 4199 1351 4252 Basil.

282 4279 548 4330 Camerti·
570 4279 794 4342 invenio,
813 4292 1031 4344 eamque
1047 4276 1237 4328 deinde
1258 4278 1350 4327 Vi·

280 4364 457 4425 netas,
477 4356 756 4424 Gruterus,
776 4361 832 4409 et
847 4356 931 4407 alii
947 4367 1123 4411 omues
1145 4353 1352 4423 sequuti

1395 799 1578 861 menti,
1614 799 1785 863 magui
1822 814 1955 851 esse.
2019 801 2124 852 Sed
2159 816 2261 853 non
2297 804 2456 854 credo

1397 873 1604 925 ostendi
1628 889 1780 939 posse
1813 875 2094 941 scriptores
2135 877 2354 928 Latinos
2381 878 2456 929 sic

1398 948 1593 1002 dixisse
1627 952 1642 980 ‘
1666 951 1894 1017 ingentis
1933 950 2050 1018 est,’
2088 959 2150 1003 ut
2197 955 2214 983 ⁸
2245 954 2457 1019 magni,'

1398 1028 1637 1093 ‘pluris,'
1679 1030 1695 1057 ‘
1720 1029 1926 1079 maximi
1947 1030 2066 1080 est!
2118 1031 2255 1082 Toll.
2285 1032 2339 1081 iu
2370 1047 2459 1083 ex·

1399 1107 1616 1173 emplsri
1635 1117 1728 1158 suo
1746 1109 2041 1173 conjecerat
2061 1125 2078 1158 ι
2114 1111 2173 1160 In
2189 1113 2459 1174 resurgentis

1399 1198 1498 1233 esse
1517 1183 1759 1234 consilium
1777 1185 1898 1234 illud
1908 1185 2146 1238 observari
2161 1189 2317 1252 coepit.
2353 1187 2458 1238 Sed

1403 1260 1551 1311 Fort.
1585 1273 1790 1311 xxxix.
1807 1263 1975 1327 iegitz
2015 1264 2236 1326 Ingentis
2262 1270 2312 1314 et
2339 1265 2460 1315 illud
2501 1298 2506 1301 -

1399 1338 1602 1389 consilii.
1672 1338 2124 1405 Nature...reliqua
2139 1341 2204 1391 ab
2216 1341 2458 1407 Interpp.

1402 1429 1514 1465 esse
1549 1422 1722 1480 putat.
1777 1410 1925 1467 ‘Hae
1958 1423 2040 1466 est
2071 1418 2321 1483 expedita
2349 1420 2460 1484 qui-

1403 1491 1542 1555 dem,
1589 1491 1682 1543 sed
1738 1493 1888 1544 simui
1937 1493 2063 1543 satis
2110 1494 2282 1544 audax
2327 1496 2461 1545 ratio

1402 1569 1729 1634 emendandi,
1765 1587 1920 1638 quam
1955 1588 2057 1623 non
2097 1572 2251 1624 facile
2288 1588 2465 1639 qnem-

1402 1662 1554 1713 quam
1608 1648 1766 1698 alium
1818 1649 2154 1714 probaturum
2195 1651 2460 1701 =arbitror.

1402 1725 1599 1776 Graevii
1656 1728 1937 1790 sententia,
1978 1727 2136 1778 etiam
2189 1728 2464 1778 Perizonio

1402 1801 1662 1867 placuisse
1683 1802 1977 1864 videbatur,
2011 1803 2099 1868 qui
2127 1804 2179 1853 iu
2216 1817 2309 1854 ora
2341 1803 2465 1853 libri

1403 1880 1486 1929 sui
1505 1880 1789 1945 scripserat
1825 1881 2011 1930 canalii
2041 1881 2286 1931 consilium
2313 1881 2466 1931 iuna:

1402 1958 1489 2008 cui
1510 1962 1567 2008 et
1587 1971 1687 2023 ego
1721 1958 1950 2024 interim,
1970 1957 2093 2008 dum
2131 1959 2217 2009 alii
2249 1958 2467 2009 meliora

1403 2037 1691 2098 invenient,
1719 2036 2015 2103 adquiesco.

1471 2116 1668 2166 Natura
1705 2115 1914 2178 regionis
1948 2116 2075 2165 cin-oa
2111 2130 2162 2166 se
2198 2115 2351 2167 omnis
2382 2131 2468 2167 aa·

1404 2191 1579 2255 rifero]
1636 2191 1699 2241 Se
1732 2192 1989 2242 intrusum
2023 2205 2136 2242 esse
2168 2205 2199 2241 a
2232 2191 2468 2243 barbaris

1406 2276 1529 2319 ante
1583 2269 1772 2319 multos
1828 2282 1986 2319 annos
2036 2269 2142 2319 vidi
2197 2276 2255 2320 et
2297 2269 2468 2322 docui.

1406 2345 1581 2396 Latini
1609 2345 1756 2399 enim
1794 2345 1974 2396 dicunt
1995 2347 2128 2409 regio
2160 2346 2288 2397 circu
2322 2349 2472 2399 omniu

1405 2420 1635 2482 masere.
1687 2422 1801 2471 Liv.
1821 2426 1927 2485 ι,4.
1959 2423 2189 2488 ‘Lupum
2206 2425 2471 2476 sitientem

1406 2513 1473 2550 ex
1532 2498 1816 2563 montibus,
1868 2500 1956 2565 qui
2014 2501 2156 2551 circa
2208 2508 2350 2563 sunt,
2404 2503 2472 2553 ad

1410 2576 1664 2640 puerilem
1705 2576 1937 2640 vagitum
1987 2591 2196 2627 cursum
2231 2575 2472 2629 flexisse?

1411 2653 1532 2704 Hoc
1557 2652 1741 2703 Heius.
1763 2653 1919 2704 etiam
1956 2653 2107 2719 vidit,
2137 2661 2194 2704 et
2228 2670 2369 2719 supr.
2406 2654 2473 2705 de

1408 2732 1509 2781 hac
1532 2730 1793 2782 locutione
1824 2746 1925 2782 non
1948 2732 2075 2781 nihii
2091 2733 2285 2783 notavi.
2312 2733 2476 2783 (ἕνα.

1412 2807 1588 2858 Etiam
1611 2808 1778 2873 Ryek.
1801 2807 2044 2859 Perizou.
2068 2816 2125 2858 et
2143 2809 2276 2859 Toll.
2300 2809 2477 2871 ejicie-

1411 2884 1541 2937 bant
1556 2901 1608 2937 se
1621 2902 1642 2946 ‚·
1673 2900 1773 2936 nec
1795 2887 1908 2936 sine
1931 2886 2152 2935 ratione.
2219 2885 2340 2936 Vid.
2359 2898 2476 2952 qnoe

1413 2963 1625 3029 scripsit
1679 2962 1920 3013 Graevius
1959 2977 2100 3028 supr.
2138 2976 2223 3013 ιιι.
2268 2966 2350 3013 19.
2398 2966 2477 3013 12.

1416 3039 1665 3090 Heinsius
1705 3039 1786 3089 hie
1821 3039 2163 3089 adnotaverat
2194 3040 2353 3089 etiarn
2389 3054 2476 3104 ap.

1415 3117 1622 3168 [λιιι.
1638 3122 1688 3168 2.
1709 3123 1766 3167 et
1783 3129 1968 3169 xxvn.
1986 3122 2064 3167 15.
2080 3118 2133 3166 in
2151 3116 2266 3168 eod.
2287 3129 2479 3182 genere

1416 3193 1661 3258 loquendi
1683 3193 1939 3243 intrusum
1974 3207 2088 3244 esse
2111 3208 2191 3251 se,-
2225 3199 2385 3258 atque
2405 3192 2483 3244 in-

1415 3284 1575 3334 super
1606 3269 1761 3321 alium
1795 3271 1965 3321 locum
1999 3270 2131 3322 Livii
2155 3283 2376 3321 xxxvu.
2398 3275 2481 3322 26.

1416 3346 1783 3412 adscripscrat,
1805 3362 1978 3412 quem,
1997 3355 2058 3398 ut
2079 3347 2281 3413 opinor,
2297 3347 2484 3398 eodem

1417 3424 1547 3473 vitio
1604 3424 1843 3475 laborare
1899 3425 2249 3476 existimabat.
2342 3424 2483 3476 Add.

1419 3500 1585 3552 Gron.
1608 3500 1673 3551 ad
1690 3501 1806 3553 Ην.
1823 3515 2024 3553 xxxvi.
2044 3506 2126 3556 14.
2160 3502 2225 3553 Se
2241 3501 2326 3552 hic
2344 3500 2487 3552 uuila

1420 3580 1624 3631 ratione
1667 3580 1884 3632 retineri
1930 3588 2123 3646 potest.
2209 3581 2267 3630 si
2311 3586 2485 3631 tamen

1420 3655 1533 3721 quis
1554 3655 1763 3721 putabit
1782 3671 1883 3706 uon
1904 3664 2104 3706 temere
2122 3669 2253 3717 esse,
2270 3654 2409 3720 quod
2431 3655 2486 3705 id

1420 3731 1473 3782 in
1497 3730 1735 3782 omnibus
1755 3732 1903 3782 libris
1943 3732 2152 3795 legitur,
2172 3731 2298 3780 nihil
2317 3744 2383 3779 ex
2404 3745 2489 3795 eo,

1421 3807 1562 3873 qnod
1582 3800 1701 3859 huic
1722 3808 1837 3857 loco
1860 3807 2152 3871 conveniat,
2163 3805 2278 3856 fieri
2296 3812 2489 3871 potest,

1424 3898 1579 3950 quam
1600 3898 1667 3934 sc.
1689 3882 1742 3933 id
1766 3890 1865 3945 est,
1883 3884 2077 3934 seilicet.

1487 3960 1745 4025 Amisere]
1814 3959 1936 4009 Vid.
1985 3960 2122 4010 Non.
2166 3959 2221 4009 in
2264 3959 2492 4026 Hispan.

1423 4053 1543 4104 cap.
1584 4041 1671 4088 4⁸.
1724 4036 1792 4086 de
1829 4036 1989 4088 minio
2034 4037 2172 4087 Plin.
2205 4040 2289 4102 8⁸,
2327 4042 2376 4089 7.
2421 4038 2490 4089 de

1424 4114 1749 4182 chrysocolla
1779 4113 1915 4166 Plin.
1949 4117 2035 4178 86,
2062 4119 2115 4177 θ,
2134 4117 2216 4165 30.
2267 4114 2490 4166 Freinsh-

1427 4192 1660 4244 Exerceri
1700 4192 1850 4241 σοὶιιηι
1888 4190 2123 4257 Ryckius
2161 4191 2296 4243 bene
2331 4193 2491 4243 luter-

1425 4269 1751 4338 pretabatur,
1780 4267 1939 4319 effodi
1969 4268 2036 4319 ad
2059 4269 2352 4334 colligenda
2385 4283 2492 4320 uie·

1427 4348 1574 4413 talis,
1628 4344 1807 4398 addito
1869 4345 1986 4398 loco
2035 4345 2169 4400 Livii
2226 4357 2356 4397 nv.
2405 4348 2492 4397 29.
