2950 4892
760 374 831 423 ι..
881 371 1138 421 Anum
1188 373 1413 423 nom
1463 374 1610 424 me.
1657 374 1739 423 ιι.
1786 375 1948 428 oAr.
1992 360 2061 425 2.

302 516 396 566 bns
434 513 819 581 posterioribus
851 514 980 580 locis
1012 516 1212 568 variant
1242 516 1379 571 libri.

303 591 407 643 Sed
441 592 496 642 in
530 591 717 642 ultimo
739 592 915 644 malim
936 606 1054 644 cum
1086 592 1243 644 Grut.
1264 594 1377 666 illos

302 667 468 736 sequi,
487 683 522 718 a
542 668 732 735 quibus
753 669 901 720 abest
920 671 1074 734 nodo,
1093 685 1247 736 quam
1258 686 1376 722 cnm

302 746 569 811 Turnebo,
590 747 864 812 Lambino,
887 755 944 799 et
966 748 1142 799 (ἷκεν.
1161 763 1272 815 eos,
1286 750 1377 816 qni

301 821 357 873 id
380 830 688 887 agnoscunt.

367 900 519 951 Mire
539 901 883 964 amitadinis
901 902 1114 967 serpens]
1161 904 1248 954 De
1273 917 1377 970 qua

302 974 1374 1043 ΑςειιωσονιιΜηιΛιαειι.

301 1053 448 1108 Plin.
491 1058 539 1105 8.
562 1057 643 1104 14.
664 1068 794 1106 cxx.
832 1055 1023 1122 pedum
1044 1058 1377 1123 longitudinis

300 1129 485 1195 fnisse,
533 1132 831 1198 pellemque
873 1134 983 1199 ejus
1040 1141 1096 1186 et
1139 1137 1376 1187 maxillas

300 1221 470 1277 nsque
504 1206 570 1257 ad
608 1208 803 1259 bellum
846 1209 1238 1278 Numantinum,
1276 1213 1376 1266 hoc

301 1293 406 1350 est,
426 1290 541 1338 116.
564 1287 731 1352 annis,
764 1289 941 1340 Romu
973 1290 1029 1344 in
1056 1293 1252 1358 templo
1283 1292 1377 1343 du·

298 1378 447 1415 rasse
491 1372 740 1429 testatur,
782 1381 995 1434 eamque
1038 1369 1238 1421 balistis
1273 1378 1378 1422 tor-

300 1437 619 1509 mentisque,
655 1451 714 1504 ut
743 1446 996 1511 oppidum
1029 1447 1255 1514 aliquod,
1288 1465 1378 1500 ex·

298 1531 609 1588 pugnatam.
631 1525 771 1575 Stoa.
838 1525 973 1577 vide
998 1527 1109 1577 Liv.
1133 1529 1277 1592 Epir.
1300 1534 1378 1581 18.

302 1598 634 1666 Obsequent.
658 1616 777 1667 cap.
794 1606 876 1655 29.
912 1603 1108 1654 Adonis
1133 1604 1377 1657 Chronic-

300 1675 403 1726 snb
423 1691 559 1728 anno
579 1681 729 1730 suo.
770 1680 860 1730 Fr.

367 1755 680 1820 Bagradam]
730 1757 816 1808 Ita
853 1759 972 1809 libri
1006 1760 1207 1826 vineti,
1244 1762 1376 1814 Toll.

299 1831 495 1883 Duisb.
532 1834 703 1900 Regg.
732 1844 790 1886 et
822 1849 874 1887 v.
893 1851 943 1889 e.
976 1838 1149 1901 Ryek.
1183 1839 1376 1902 Burgu-

299 1910 431 1959 dam.
466 1909 624 1959 Fran.
646 1910 972 1973 Erue-radam.
1006 1912 1160 1963 Voss.
1180 1914 1377 1979 Bragffi

297 1987 435 2049 dass,
467 1986 607 2052 quod
640 1988 799 2039 etiam
824 1988 879 2038 in
900 1989 1030 2041 Nat.
1064 1997 1122 2041 et
1146 1991 1280 2042 Pan.
1299 1992 1376 2042 vi·

299 2060 462 2112 detur
484 2061 670 2116 fuisses
705 2079 826 2115 nam
844 2065 1124 2117 Salmasius
1140 2068 1207 2117 ad
1230 2069 1374 2120 Edit.

301 2137 546 2204 Gruteri,
583 2140 637 2190 in
677 2156 782 2206 qua
817 2147 900 2192 est
919 2143 1223 2207 Bagoam,
1249 2145 1379 2195 nihil

299 2229 369 2268 ex
413 2214 477 2266 iis
515 2216 877 2272 adnotaverat.
954 2220 1201 2273 Bochart.
1243 2222 1376 2273 Cha·

299 2306 455 2344 naan.
478 2307 520 2345 1.
538 2298 622 2345 24.
659 2295 864 2359 scribit,
896 2310 1082 2349 nomen
1116 2299 1263 2364 hujus
1284 2298 1376 2350 flu·

301 2369 397 2436 vii,
418 2371 555 2437 quod
578 2372 692 2424 aliis
712 2380 795 2424 est
814 2375 831 2402 ⁴
849 2375 1128 2439 Bagrada:
1147 2376 1199 2426 in
1217 2377 1374 2429 Pom-

300 2460 432 2511 pou.
452 2448 618 2510 Mela,
639 2449 786 2513 Silio,
823 2457 880 2500 et
899 2450 1052 2502 Floro
1074 2466 1188 2503 esse
1208 2453 1224 2482 ‘
1243 2453 1376 2505 Bra·

300 2524 480 2590 gada!
528 2526 590 2580 In
614 2527 775 2577 Melae
792 2527 1050 2594 plerisque
1060 2529 1204 2582 Mss.
1220 2544 1275 2581 se
1298 2531 1376 2582 in-

300 2600 509 2652 venisse
531 2600 787 2666 Bregma«,
806 2602 858 2653 in
881 2604 1188 2669 quibusdam
1220 2607 1378 2662 etiam

298 2679 543 2742 Bagrada
590 2679 865 2732 adnotavit
904 2682 971 2732 ad
1014 2682 1228 2734 Melam.
1252 2696 1290 2733 r.
1324 2688 1377 2735 7.

299 2757 646 2810 Perizonius:
681 2767 741 2811 et
770 2761 1005 2825 Bregadu
1037 2762 1111 2813 ibi
1147 2761 1261 2814 fere
1293 2764 1377 2813 ha-

296 2833 437 2885 bent
450 2834 589 2885 Edd.
611 2842 837 2889 veteres.
899 2836 1013 2888 Silii
1036 2837 1157 2888 libri
1179 2839 1376 2904 vulgati

294 2909 487 2962 itidem
510 2911 757 2977 Bregma«,
774 2928 870 2978 pro
888 2929 991 2981 qno
1012 2915 1082 2967 N.
1106 2915 1291 2968 Heius.
1309 2917 1377 2969 ad

297 2986 401 3038 Sil.
441 3000 518 3039 vr.
547 2991 664 3040 141.
692 3003 724 3040 e
763 2990 972 3054 seriptis
1003 2992 1240 3056 reposuit
1272 2994 1375 3044 Ba-

270 3065 483 3128 sti-adu.
527 3065 650 3116 vid.
670 3066 863 3118 cellar.
883 3066 1050 3131 Geog.
1075 3066 1204 3119 Ant.
1225 3083 1301 3120 tv.
1320 3074 1375 3122 4.,

372 3144 422 3208 ς.
457 3146 522 3193 21
577 3144 735 3200 Qum
771 3148 1000 3195 terrorem
1038 3145 1242 3196 ιιοηιίιιίο
1275 3145 1377 3212 sui]

298 3221 472 3270 Vetus
495 3220 704 3284 qnidam
725 3219 897 3271 liber:
930 3226 1158 3273 terrorem
1192 3223 1247 3274 ia
1277 3239 1376 3273 ons-

300 3311 390 3347 nes
423 3296 502 3347 ssi
544 3297 924 3350 σϋειιιιιιιιῑίεεει.
988 3298 1121 3352 Quae
1166 3299 1375 3360 minime

298 3372 428 3423 mihi
458 3371 656 3423 arridet
676 3372 858 3437 lectio,
895 3387 994 3424 nec
1015 3382 1266 3425 mutatam
1289 3390 1376 3426 ve·

300 3450 417 3514 Hm,
436 3456 527 3500 aut
548 3448 824 3515 rejectam,
841 3463 956 3514 qnae
979 3451 1121 3502 edita
1135 3459 1237 3514 est,
1256 3467 1376 3510 cnm

302 3534 359 3579 et
382 3526 566 3577 melior
588 3527 676 3592 sit,
708 3532 765 3576 et
801 3526 973 3589 plures
993 3526 1183 3579 habeat
1204 3526 1375 3580 fanto-

303 3617 390 3655 res
409 3602 568 3654 libros
593 3602 982 3655 vetustissimos.
1013 3603 1116 3655 Sol.

367 3683 473 3734 Ant
484 3681 752 3744 cecidisset,
768 3684 853 3730 ant
871 3681 1061 3732 saberet
1081 3682 1137 3733 ιἰι
1153 3682 1376 3747 vinculis]

302 3759 451 3812 Jord.
488 3759 655 3825 legit:
702 3761 789 3807 ant
833 3760 1044 3823 cepisset.
1111 3760 1209 3812 Cui
1252 3776 1376 3812 cou-

298 3839 531 3892 sentiunt
566 3850 751 3887 omnes
785 3836 924 3886 flori
959 3839 1159 3889 calarm
1190 3840 1381 3905 scripti

293 3916 428 3969 libri.
496 3917 697 3978 Quam,
723 3913 815 3977 qui
836 3914 995 3978 volet,
1013 3914 1173 3966 etiam
1194 3916 1379 3968 lectio·

290 4009 409 4047 nem
433 3999 668 4046 assem.
737 3989 872 4039 Mihi
893 3996 951 4041 ut
971 4005 1075 4041 non
1089 3994 1379 4056 respuenda

284 4073 521 4138 videtur,
580 4069 668 4120 ita
711 4079 813 4116 nec
855 4067 1063 4132 vulgata
1107 4070 1376 4120 mutanda.

277 4155 422 4209 Nam
445 4145 722 4204 credibile
745 4149 852 4206 est,
871 4157 973 4193 non
989 4144 1116 4195 alios
1137 4145 1375 4197 habuisse

270 4235 327 4290 j„
352 4225 593 4283 vinculis
640 4221 918 4286 Regulum,
953 4235 1105 4287 quam
1143 4237 1272 4289 quos
1289 4237 1377 4274 ce-

262 4320 451 4388 perat.
530 4301 669 4360 Nisi
713 4297 955 4364 dicimus,
973 4300 1203 4368 ‚multon
1246 4316 1377 4369 quos

2386 352 2522 427 619

1451 527 1692 583 ceperat,
1713 519 1989 583 dimisisse,
2022 525 2079 570 et
2115 517 2193 570 ita
2222 518 2393 571 locum
2432 520 2519 570 hs-

1451 596 1607 650 beret
1640 597 1728 650 illa
1760 598 2009 651 Jordanis
2029 605 2084 651 et
2107 598 2355 649 librorum
2378 606 2521 650 rete-

1449 689 1568 726 rum
1596 673 1774 740 γραφή.
1856 676 1993 727 Sane
2038 690 2337 727 consensum
2381 676 2519 727 hunc

1449 749 1699 802 librorum
1733 752 1884 817 parvi
1923 751 2150 817 pendere
2171 765 2270 802 non
2296 765 2522 816 possum,

1449 841 1550 878 nec
1571 826 1755 882 dubito
1775 828 1901 894 quin
1927 828 2101 879 verlor
2133 829 2204 880 sit
2235 828 2411 892 lectio,
2443 843 2518 878 ee·

1443 903 1612 968 piaret.
1697 905 1787 956 Sic
1839 904 1981 955 enim
2031 905 2147 956 liaee
2189 905 2518 971 procedunt.

1447 994 1554 1030 σιιιιι
1588 995 1811 1044 magam
1846 981 1946 1032 eins
1972 982 2258 1045 juventutis,
2294 984 2522 1047 ducesque

1447 1060 1591 1124 ipsos,
1607 1064 1692 1111 sut
1712 1059 1931 1125 cepisset,
1963 1066 2048 1114 eut
2078 1060 2307 1112 liaberet
2288 1077 2342 1112 sn
2361 1061 2522 1112 vincu-

1448 1139 1527 1190 lis.
1589 1138 1745 1189 Prius
1783 1137 1849 1189 ad
1888 1139 2031 1205 prius
2066 1137 2320 1203 refertur,
2342 1153 2522 1189 secun-

1451 1214 1576 1266 dum
1595 1214 1823 1266 secundo
1844 1215 2106 1267 convenit.
2170 1216 2260 1267 Ita
2278 1216 2418 1267 enim
2433 1230 2523 1266 ac-

1450 1292 1767 1358 cipiendum,
1808 1308 1871 1344 ac
1914 1293 1958 1343 si
1999 1293 2329 1358 scripsisset:
2386 1292 2520 1343 Cum

1450 1383 1693 1434 maguam
1721 1369 1823 1419 vim
1835 1369 2129 1434 juventutis
2162 1369 2408 1434 cepisset,
2425 1370 2520 1420 dn·

1451 1459 1644 1511 cosque
1697 1446 1837 1511 ipsos
1901 1446 2119 1497 liaberet
2172 1447 2226 1496 in
2279 1446 2522 1512 vinculis.

1451 1523 1652 1574 Multos
1669 1537 1738 1573 ex
1764 1523 2045 1588 juventute
2066 1524 2301 1589 captivos
2322 1523 2520 1574 abdux-

1451 1608 1588 1664 erat,
1625 1599 1894 1666 ducesque
1936 1600 2170 1651 habebat
2201 1601 2256 1650 in
2281 1601 2519 1654 vinculis·

1448 1679 1596 1730 Solos
1618 1678 1780 1730 duces
1800 1679 1857 1732 in
1889 1678 2111 1730 vinculis
2143 1678 2347 1729 habitos
2367 1677 2521 1743 sigul-

1448 1754 1591 1805 ficat.
1626 1755 1727 1806 Sal.
1761 1755 1904 1808 nist.
1923 1754 1991 1806 de
2015 1755 2147 1805 Bell.
2170 1752 2286 1806 Afr.
2305 1769 2420 1818 cap.
2436 1759 2521 1820 26.

1448 1832 1466 1861 ‘
1485 1833 1763 1899 Principes
1811 1833 2083 1888 civitatum
2127 1842 2220 1884 aut
2274 1830 2521 1896 interfici,

1449 1915 1543 1960 aut
1584 1909 1638 1960 in
1674 1909 1871 1961 catenis
1915 1910 2120 1964 teneri?
2166 1910 2256 1960 Fr.
2347 1908 2522 1974 Ryck.

1451 2002 1556 2039 non
1594 1988 1797 2039 recedit
1833 1987 1901 2039 ab
1941 1988 2159 2038 aliarum
2199 1985 2521 2037 membrana·

1449 2080 1562 2116 rum
1596 2065 1877 2131 scriptura,
1915 2079 2031 2130 qnae
2068 2069 2377 2114 constanter
2413 2076 2520 2112 om-

1451 2156 1564 2204 nes,
1600 2142 1828 2206 ducesque
1863 2142 1990 2206 ipsos
2026 2144 2109 2192 aut
2145 2138 2360 2203 cepisset,
2380 2137 2520 2202 qnod

1450 2216 1589 2267 belle
1614 2223 1794 2268 tuetur
1809 2218 1963 2267 Salm.
1999 2217 2016 2245 ⁴
2035 2217 2231 2280 Magna
2247 2213 2324 2263 vis
2333 2213 2524 2278 juven-r

1452 2293 1616 2360 tutis‚’
1654 2302 1776 2346 sunt
1809 2294 1959 2345 multi
1980 2293 2195 2344 milites.
2225 2292 2241 2320 ‘
2261 2290 2525 2343 Juvenes'

1451 2388 1594 2440 sepe
1618 2375 1808 2430 milites
1832 2373 1936 2423 dici
1956 2372 2078 2422 olim
2099 2369 2215 2420 Viri
2248 2367 2390 2419 docti
2413 2382 2523 2420 moa

1453 2460 1698 2503 nuerunt.
1734 2451 1898 2504 Graev.
1948 2449 2240 2512 Invulgata
2259 2446 2526 2510 scriptura

1452 2542 1556 2578 non
1571 2528 1739 2593 pejor,
1758 2541 1822 2577 ac
1843 2524 2078 2576 fortassis
2100 2523 2282 2574 melior
2302 2528 2385 2572 est
2405 2535 2525 2571 sen·

1453 2606 1643 2657 tentia.
1706 2605 1779 2655 Et
1796 2603 1969 2669 potuit
1991 2602 2158 2667 primo
2177 2613 2334 2664 prave
2363 2596 2523 2647 scribi

1453 2682 1670 2746 cedssset,
1713 2694 1776 2731 ac
1818 2694 1939 2729 mox
1981 2677 2194 2742 cepisset.
2275 2675 2409 2727 Quae
2453 2673 2523 2724 Is.

1453 2758 1629 2810 vossii
1651 2756 1909 2808 sententia
1932 2753 2137 2805 videtur
2176 2748 2368 2801 fuisse:
2404 2762 2522 2800 nam

1453 2836 1737 2901 scripserat
1774 2832 1970 2897 cepisset
2008 2844 2104 2895 pro
2139 2827 2352 2877 aedisset.
2417 2825 2526 2880 Sed

1453 2928 1612 2982 quum
1646 2912 1701 2962 iu
1734 2910 1972 2961 omnibus
2003 2907 2123 2959 aliis
2166 2904 2399 2970 scriptis,
2432 2918 2530 2953 ex-

1453 2998 1611 3056 cepto
1633 2992 1788 3041 Voss.
1824 2993 1875 3041 3.
1905 2995 1962 3039 et
1984 2986 2122 3038 Edd.
2145 2986 2212 3036 V.
2232 2986 2300 3035 B.
2320 2984 2375 3036 S.
2396 2991 2452 3033 et
2472 2982 2526 3035 J.

1452 3069 1746 3121 invenerim
1777 3067 2000 3130 cepisset,
2031 3063 2089 3114 id
2128 3060 2524 3128 relinquendum

1450 3146 1630 3214 putavi
1646 3162 1663 3207 ;
1699 3144 1837 3216 quod
1871 3150 1927 3195 et
1962 3148 2085 3192 ante
2117 3141 2354 3206 Begerus
2387 3138 2527 3190 fece·

1452 3232 1555 3278 rat.

1516 3302 1634 3350 ὅσοι
1672 3299 1827 3364 ipsam
1860 3298 1970 3348 beni
2011 3300 2153 3360 eaput
2184 3293 2526 3356 confingerem

1452 3377 1658 3442 surgebat
1693 3375 1896 3442 obsidio]
1944 3374 2113 3438 Ryck.
2154 3376 2203 3422 et
2234 3371 2341 3433 jesu
2372 3370 2530 3435 ipsust

1451 3460 1595 3518 caput
1631 3452 1740 3504 belli
1777 3452 2122 3514 Carthaginem
2161 3449 2362 3512 urgebat
2403 3448 2527 3498 obsi·

1450 3532 1604 3582 dione.
1671 3533 1798 3596 Leg.
1838 3530 1986 3580 ρὲιάιιι
2033 3529 2188 3594 ipsum
2237 3533 2377 3592 caput
2417 3527 2528 3578 beni

1457 3607 1800 3671 Carthaginem
1833 3605 2030 3669 urgebat
2060 3604 2318 3656 obsidione.
2388 3601 2529 3652 Obsi-

1452 3686 1533 3736 dio
1570 3699 1673 3734 nun
1709 3684 2000 3748 repudiem,
2035 3679 2174 3746 qnod
2199 3683 2214 3708 ‘
2239 3677 2524 3730 obsidium'

1452 3764 1564 3815 aliis
1593 3763 1647 3812 in
1670 3762 1798 3812 locis
1827 3760 1965 3824 apud
1989 3760 2238 3809 Nostrum
2261 3755 2418 3805 etiam
2443 3770 2528 3807 oc-

1453 3846 1650 3891 currat.
1687 3837 1854 3886 Groee.
1897 3835 1959 3885 In
1978 3832 2148 3899 Ryck.
2166 3840 2245 3881 est
2266 3832 2528 3892 etiomjm

1451 3918 1625 3982 ipsam,
1656 3916 1708 3966 in
1743 3912 1897 3964 Voss.
1929 3916 1977 3962 8.
2013 3916 2062 3960 et
2106 3909 2279 3974 ipsun,
2315 3910 2367 3959 in
2410 3910 2528 3959 aliis

1452 3993 1683 4057 scriptis,
1721 3990 1774 4040 in
1808 3988 1959 4041 Jord.
1993 3994 2050 4039 et
2072 4002 2121 4037 v.
2144 4002 2194 4038 e.
2214 3986 2323 4048 jem
2358 3986 2528 4051 ι’ραιιιι,

1454 4070 1507 4119 in
1531 4067 1746 4134 reliquis
1763 4067 1882 4116 olim
1904 4064 2172 4129 impressis
2190 4064 2334 4114 aian
2354 4063 2526 4126 ipsum.

1456 4147 1529 4196 Bt
1550 4146 1625 4196 sic
1647 4142 1928 4194 ediderunt
1968 4139 2140 4196 Amst.
2177 4140 2246 4189 de
2283 4153 2385 4205 quo
2418 4153 2524 4192 non

1453 4235 1766 4286 magnopere
1792 4218 2180 4270 contenderim:
2217 4232 2334 4268 nam
2359 4217 2528 4280 prima

1454 4299 1656 4368 syllaba
1678 4312 1741 4350 ex
1766 4295 1910 4362 etioenr
1951 4294 2123 4361 potuit
2159 4292 2422 4354 absorberi
2457 4291 2525 4354 ab
