2950 4892
714 359 778 407 ι.
831 356 1085 406 snum
1134 354 1361 405 noni
1408 352 1554 402 ms.
1597 352 1646 401 ι.
1691 351 1856 402 car.
1897 333 1967 402 6.

257 501 673 566 auctoritatae!
694 501 871 566 populi
901 500 1072 566 jussu,
1104 496 1311 551 deferri

257 587 457 645 peterat
476 578 575 643 illi,
604 578 697 644 qni
730 577 998 642 imperium
1033 582 1307 641 acceptum

258 669 367 706 cam
387 654 581 705 virtute
600 653 830 706 feliciter
851 661 1100 719 gesserat.
1133 654 1308 718 Hujus

257 745 373 782 vern
414 738 701 797 apparatus
754 746 1049 798 pompaque
1110 731 1310 782 variata

254 805 347 857 fnit
380 821 477 872 pro
514 808 840 872 Reipublicoe
877 809 1218 870 incremento,
1252 814 1313 858 et

227 892 239 903 ·
257 897 418 934 rerum
451 889 721 948 gestarum
757 884 1131 949 magnitudine.
1179 884 1311 937 Quia

257 958 469 1023 primum
506 960 651 1024 apud
675 960 830 1011 Rom.
852 961 1172 1026 triumphum
1192 974 1312 1025 ege·

258 1036 339 1098 rit,
375 1035 518 1087 inter
558 1036 848 1101 scriptores
899 1048 1005 1088 non
1049 1036 1312 1087 convenit.

258 1112 562 1163 Plutarchus
603 1114 811 1164 Romul.
845 1128 960 1177 cap.
996 1118 1079 1177 27,
1101 1121 1317 1165 conten·

259 1187 332 1238 dit
350 1203 382 1238 a
405 1189 629 1240 Romdo
663 1190 961 1241 institutum
1001 1191 1319 1254 pedestrem,

260 1264 344 1314 sed
367 1265 602 1316 aPrisco
638 1268 892 1330 curulem,
911 1267 1009 1318 hoc
1030 1273 1131 1326 est,
1154 1273 1214 1318 nt
1231 1282 1318 1317 aa·

258 1356 332 1391 reo
350 1356 509 1405 ean-ru,
547 1346 844 1407 quarum-que
877 1344 1007 1407 eqsds
1037 1342 1320 1408 triumpha·

260 1423 410 1480 retur,
427 1431 661 1482 eumque
696 1419 1008 1483 triumphum
1049 1417 1192 1469 aliia
1216 1418 1320 1468 Po-

260 1494 441 1558 plieoia
469 1495 692 1544 consule
725 1495 944 1559 primum
994 1510 1108 1546 esse
1150 1503 1319 1545 actum

262 1571 545 1633 opinantur.
616 1570 705 1620 De
737 1569 879 1635 jure,
911 1570 1117 1633 ordine,
1131 1583 1323 1635 pompa

264 1645 521 1709 triumphi,
565 1659 667 1709 per
702 1647 1143 1711 opportunitatem
1167 1647 1323 1696 latius

264 1720 443 1771 dicturi
492 1736 710 1772 sumnsz
776 1723 860 1772 cui
904 1738 1043 1773 nunc
1086 1723 1187 1773 ista
1221 1736 1323 1773 non

264 1794 601 1862 satisfaciunt,
640 1798 687 1849 is
732 1801 971 1851 consulat
1014 1799 1132 1849 Vni.
1171 1800 1323 1849 Max.

266 1874 369 1925 Cic.
400 1874 455 1925 in
497 1875 774 1940 Pisonem,
834 1877 1090 1927 Zonaram
1132 1873 1325 1926 Annei.

264 1949 343 1999 lib.
380 1962 447 2000 u.
506 1950 740 2014 Livium,
794 1952 1012 2017 Dionys.
1052 1950 1327 2001 Plutarch.

266 2025 426 2091 Agell.
445 2028 702 2092 Dionem,
721 2035 798 2091 et,
820 2027 966 2092 hujus
984 2027 1147 2078 seculi
1170 2027 1331 2091 scrip·

264 2110 421 2154 torem
440 2105 746 2169 elegantias.
760 2104 1331 2169 diligentissimumque,

268 2180 427 2231 Carol.
457 2180 753 2247 Sigoninm‚
773 2180 841 2231 de
868 2182 994 2244 jure
1017 2179 1208 2232 civium
1232 2182 1333 2233 Ro·

265 2270 545 2309 manorum.
590 2257 812 2310 Stadias.
876 2257 962 2309 Ad
997 2272 1160 2325 equos
1191 2257 1333 2324 quod

265 2333 465 2392 attinet,
500 2334 662 2385 albos
698 2333 854 2385 fuisse
889 2343 1041 2400 patet
1076 2350 1142 2386 ex
1166 2335 1335 2401 Livio,

267 2414 315 2473 ὅ,
332 2413 412 2473 28,
434 2415 480 2461 1.
538 2409 706 2462 ovid.
741 2410 810 2462 de
848 2412 1044 2478 Ponto,
1077 2416 1130 2473 2,
1169 2417 1217 2475 8,
1247 2416 1333 2463 49.

268 2486 440 2537 chud-
481 2486 551 2537 de
592 2486 727 2538 bell.
751 2488 876 2540 Get.
897 2504 972 2540 vs.
1003 2493 1112 2540 127.
1158 2489 1334 2541 Plinio

269 2562 460 2630 Paneg.
482 2569 574 2629 22,
589 2570 644 2617 1.
666 2565 979 2631 Propert.4,
993 2571 1040 2619 1.
1058 2571 1137 2619 12.
1157 2567 1334 2620 Sidon.

270 2640 432 2694 Carni.
450 2648 504 2695 2.
523 2658 602 2693 vs.
630 2647 748 2693 875.
760 2650 817 2694 et
836 2642 995 2709 Apul.
1014 2643 1069 2692 in
1083 2643 1338 2710 Apologia

267 2718 283 2745 ⁸
302 2719 488 2770 Peram
526 2726 587 2770 et
631 2718 869 2770 baculum
890 2719 1218 2785 Philosophia
1249 2736 1338 2772 ex·

272 2797 577 2860 probrares?
618 2796 786 2860 igitur
806 2802 864 2847 et
900 2796 1338 2861 triumphantibus

271 2873 542 2939 quadrigas
556 2870 748 2936 albaa,’
760 2875 861 2923 διο.
895 2872 1180 2937 Pompeius
1192 2872 1339 2938 Mag-

273 2963 362 2999 nus
407 2949 714 3014 elephantis
747 2948 947 3013 junctis
983 2948 1343 3015 triumphavit,

274 3032 403 3076 teste
426 3025 629 3090 Plinio,
648 3029 702 3075 8.
718 3028 771 3075 2.
806 3024 893 3074 Fr.
949 3025 1220 3077 Camillum
1238 3025 1341 3092 pri·

276 3115 407 3151 mum
441 3102 593 3152 Veiis
631 3101 805 3166 captis
839 3101 970 3152 albis
993 3102 1139 3168 equis
1162 3102 1342 3154 trium·

277 3177 450 3241 phasse
484 3178 734 3229 indicant
770 3177 1037 3228 Plutarch.
1059 3178 1111 3227 in
1137 3179 1340 3231 Camill.

280 3262 334 3304 et
350 3256 461 3305 Liv-
481 3270 535 3307 v.
557 3259 648 3308 28.
668 3261 727 3306 et
746 3259 828 3306 28.
860 3254 1166 3320 Propertius
1188 3269 1266 3306 w.
1293 3261 1341 3308 1.

280 3335 357 3384 8².
392 3334 662 3386 scribensz
717 3338 733 3363 ⁸
762 3333 999 3387 Qnatuor
1038 3332 1159 3384 hinc
1199 3333 1343 3386 albos

280 3407 526 3461 Romulus
546 3410 662 3476 egit
692 3407 892 3475 equos‚'
912 3408 1140 3474 prolepsi
1158 3410 1343 3475 utitur,

283 3501 391 3551 qnae
412 3487 481 3539 ad
502 3488 793 3538 veritatem
815 3486 1041 3537 historias
1078 3486 1217 3551 exigi
1238 3501 1342 3538 non

280 3561 467 3626 debet3
497 3562 797 3631 cujusmodi
818 3563 979 3614 multa
1005 3565 1198 3614 suntin
1221 3564 1344 3630 poe·

285 3639 367 3688 tis.
431 3639 572 3691 Nam
593 3652 663 3690 ne
680 3639 944 3704 quadrigis
960 3640 1188 3704 quidem,
1205 3640 1344 3705 quod

286 3717 459 3768 scribit
481 3718 712 3782 Dionys.
736 3716 858 3766 Hal.
879 3730 943 3766 u.
966 3718 1050 3767 84.
1070 3716 1235 3767 multo
1254 3718 1347 3767 mi-

286 3805 374 3842 nus
397 3793 671 3859 quadrigis
691 3791 820 3843 albis
853 3792 1128 3843 Romulum
1159 3793 1214 3843 in
1245 3794 1347 3842 Ur-

286 3867 398 3920 bem
457 3871 729 3922 invectum
786 3869 1029 3920 concedit
1075 3869 1346 3921 Plutarch.

290 3948 483 4001 Romul.
536 3948 742 4000 Eadem
770 3949 1023 4013 prolepsis
1043 3955 1125 3998 est
1140 3947 1349 4013 ap.0v.

290 4026 372 4091 qui
389 4028 448 4078 F.
466 4040 545 4077 vr.
557 4030 589 4075 7
595 4029 684 4078 24.
711 4025 1038 4075 Postumium
1050 4024 1352 4088 Tubertum,

290 4105 428 4168 cnjus
450 4104 746 4167 triumphus
774 4102 961 4153 incidit
980 4103 1033 4153 in
1056 4104 1125 4155 A.
1147 4103 1214 4154 U.
1234 4106 1350 4153 822.

290 4180 481 4245 aliquot
502 4180 656 4230 annis
680 4185 804 4228 ante
821 4179 1128 4245 triumphum
1149 4179 1352 4231 Camilli

294 4255 451 4305 niveis
472 4254 624 4322 equis
648 4254 991 4318 triumphasse
1015 4255 1210 4307 scribit.
1231 4255 1351 4305 Vid.

2310 331 2443 401 m

1380 497 1469 549 liic
1502 497 1720 563 Rupert.
1743 502 1800 547 et
1834 494 2054 546 Pamin.
2078 493 2145 544 de
2164 491 2444 558 Triumpho

1382 590 1500 640 cap.
1523 580 1572 626 1.
1593 575 1769 640 ibique
1789 573 1997 624 Mader.

1452 653 1772 718 Togoepfweoe]
1793 652 2000 715 Nempe
2017 665 2135 712 acu,
2150 648 2447 701 exinveuto

1383 729 1670 793 Phrygum,
1709 728 1887 779 indice
1924 728 2063 778 Plin.
2102 732 2152 792 8,
2190 730 2274 779 48.
2309 726 2445 778 unde

1384 805 1545 855 etiam
1581 804 1598 832 ‘
1624 803 1865 869 Pbrygiae
1903 803 2105 855 vestes’
2138 815 2329 854 nomen
2357 803 2449 854 ha·

1385 880 1533 932 bent.
1599 881 1682 931 De
1705 880 1961 946 Sybaritae
1985 873 2257 945 cujusdam
2287 878 2452 931 Aleis·

1388 959 1561 1011 thenis
1595 964 1741 1010 veste
1784 959 1929 1022 picta
1972 958 2093 1009 vide
2121 958 2343 1010 Aristot.
2382 957 2452 1009 de

1389 1033 1657 1086 Admirab.
1679 1032 1863 1085 Audit.
1885 1048 2005 1099 cap.
2023 1037 2106 1085 8⁸.
2139 1035 2227 1086 Fr.

1458 1111 1736 1175 meaque
1771 1109 2019 1174 palmate]
2071 1110 2184 1163 Has
2215 1109 2455 1176 plerique

1390 1202 1489 1252 pro
1511 1188 1696 1239 iisdem
1731 1186 1925 1237 babent
1957 1201 2074 1238 cum
2109 1186 2244 1250 togis
2266 1186 2454 1251 pictisz

1392 1279 1494 1329 ego
1528 1271 1702 1314 autem
1738 1277 1987 1328 nusquam
2024 1263 2211 1326 legisse
2245 1262 2459 1315 memini

1393 1345 1409 1372 ‘
1435 1348 1610 1407 togam
1652 1340 1965 1405 palmatam:
1991 1339 2082 1392 sed
2114 1354 2319 1405 semper
2340 1342 2358 1370 ⁸
2376 1349 2458 1391 tu-

1394 1416 1600 1479 nicam‚'
1633 1418 1736 1468 nisi
1768 1417 1913 1482 apud
1936 1415 2191 1468 Isidorum
2218 1417 2310 1468 lib.
2333 1428 2459 1469 xix.

1396 1508 1549 1560 quem
1569 1508 1665 1557 pro
1682 1493 1870 1545 idoneo
1886 1496 2120 1558 auctore,
2137 1494 2236 1544 hec
2254 1493 2308 1542 in
2324 1494 2461 1552 ioco,

1394 1586 1500 1623 nen
1549 1586 1791 1637 agnosco.
1855 1571 2076 1623 Constat
2112 1578 2303 1634 sutem,
2334 1570 2461 1635 quid

1396 1648 1537 1699 inter
1558 1654 1731 1713 togam
1754 1656 1810 1701 et
1829 1648 2058 1700 tunicam
2081 1647 2290 1699 intersit
2305 1663 2323 1698 ε
2358 1648 2463 1698 imo

1397 1724 1550 1774 simul
1596 1723 1793 1789 gestari
1835 1724 2013 1777 solitas
2055 1723 2256 1774 indicat
2285 1722 2462 1774 Livius

1398 1804 1484 1851 80.
1501 1805 1583 1864 1⁶,
1599 1805 1648 1852 8.
1680 1800 1948 1851 Proeterea
1969 1798 2039 1850 ab
2070 1798 2369 1851 auctoribus
2388 1799 2466 1849 ita

1399 1878 1746 1929 curiose‘non
1785 1877 2256 1942 distinguerentur,
2278 1874 2322 1926 si
2360 1889 2465 1926 ea-

1401 1954 1521 2005 dem
1555 1953 1750 2005 forent.
1803 1953 1881 2005 Id.
1956 1953 2166 2003 Preter
2206 1951 2464 2003 Isidorum

1402 2030 1564 2083 etiam
1599 2030 1896 2082 Martialem
1926 2043 2029 2081 vn.
2066 2033 2112 2080 1.
2148 2028 2317 2080 Schol.
2340 2029 2465 2082 Juv.

1403 2106 1469 2159 ad
1494 2108 1605 2158 Sat.
1626 2120 1684 2158 x.
1717 2111 1802 2158 ⁸5.
1838 2112 1897 2158 et
1928 2105 2151 2157 Tei-tull.
2183 2103 2251 2156 de
2273 2105 2466 2156 Cornu.

1402 2183 1524 2234 Mil.
1557 2196 1605 2234 c.
1644 2186 1722 2235 18.
1789 2184 1806 2213 ⁴
1828 2182 2020 2246 ‘rogam
2057 2179 2371 2247 palmatam,’
2409 2187 2470 2232 et

1404 2267 1609 2324 contra,
1628 2260 1831 2312 Livium
1854 2274 1895 2310 r.
1920 2263 2003 2311 20.
2046 2258 2064 2287 ‘
2084 2257 2340 2310 Tunicam
2361 2257 2469 2322 pic-

1404 2338 1540 2391 tam’
1564 2337 1755 2389 dixisse
1780 2337 2127 2389 observarunt
2151 2337 2358 2387 Manut.
2381 2346 2468 2385 nr.

1405 2417 1629 2471 euasit.
1649 2430 1747 2480 per
1779 2415 1950 2481 Epist.
1991 2418 2039 2464 1.
2080 2419 2134 2465 et
2171 2414 2377 2464 Ferrar.
2402 2411 2472 2460 de

1407 2493 1486 2543 Re
1506 2494 1651 2544 vest.
1675 2506 1717 2543 1.
1735 2496 1785 2543 2.
1806 2496 1857 2543 8.
1880 2492 2018 2556 apud
2059 2505 2205 2557 qnos,
2237 2504 2335 2540 nec
2366 2500 2472 2538 non

1407 2582 1494 2633 ap.
1517 2568 1720 2621 Ruben.
1736 2568 1803 2618 de
1817 2568 1895 2619 Re
1911 2568 2060 2618 vest.
2078 2580 2116 2617 r.
2133 2570 2215 2617 21.
2237 2572 2292 2616 et
2310 2566 2472 2616 Salm.

1405 2644 1472 2696 ad
1498 2645 1714 2710 vopisc.
1750 2644 1926 2696 Carin.
1960 2658 2012 2696 c.
2034 2648 2113 2695 20.
2135 2644 2283 2709 plura
2303 2642 2372 2693 de
2394 2642 2475 2692 his

1408 2722 1514 2787 legi
1537 2730 1772 2788 possunt.

1479 2799 1665 2857 Quibus
1698 2798 1888 2865 impu-ii
1916 2799 2153 2863 dignitus]
2200 2795 2336 2849 Vide
2355 2794 2474 2845 val.

1410 2876 1558 2927 Max.
1580 2880 1631 2926 2.
1654 2881 1707 2941 2,
1727 2880 1776 2927 7.
1813 2876 1925 2927 Liv-
1964 2889 2008 2941 r,
2040 2880 2090 2926 8.
2130 2879 2181 2927 2.
2218 2879 2269 2939 0,
2301 2876 2387 2924 ssa
2410 2875 2473 2922 ⁷:

1409 2956 1599 3016 45,29‚
1620 2956 1669 3004 2.
1705 2953 1793 3004 Fr.

1477 3030 1613 3082 Car.
1634 3035 1668 3080 6
1700 3031 1780 3081 De
1811 3029 1980 3085 sero-‘o
2015 3029 2190 3093 inuio]
2223 3027 2478 3091 DeRege

1412 3104 1515 3156 isto
1537 3105 1772 3157 scribunt
1796 3107 1978 3158 Livius
1993 3111 2077 3160 41.
2112 3105 2408 3170 Dionysius,
2423 3108 2477 3153 4.

1414 3186 1468 3233 1.
1484 3188 1541 3233 et
1564 3182 1802 3250 plenique
1819 3198 1978 3249 supra
1997 3185 2170 3236 citati.
2204 3183 2295 3235 Fr.

1477 3262 1524 3326 §-
1540 3264 1565 3310 1
1590 3260 1694 3312 Nee
1705 3261 1988 3328 vissein-itus]
2006 3263 2142 3314 Haec
2164 3260 2302 3310 enim
2319 3259 2387 3310 ad
2405 3259 2478 3308 ai·

1414 3337 1550 3389 tiora
1570 3338 1759 3390 nitenti
1780 3339 2149 3405 impedimento
2171 3350 2286 3387 esse
2307 3335 2440 3386 solet
2459 3350 2476 3383 x

1415 3427 1517 3480 quo
1538 3414 1752 3465 consilio
1771 3413 2047 3480 Astyages,
2078 3428 2195 3464 cum
2220 3412 2322 3464 sibi
2343 3427 2373 3462 a
2391 3426 2481 3461 ne·

1415 3495 1543 3556 pote
1564 3498 1838 3555 metueret,
1861 3489 1982 3541 fllia
2002 3505 2065 3542 ex
2086 3496 2242 3556 gente
2263 3489 2482 3539 obscura

1418 3574 1527 3617 tum
1549 3558 1794 3633 ampotis
1818 3566 2095 3617 Persarum
2131 3563 2371 3615 maritum
2392 3563 2482 3612 de-

1418 3643 1519 3705 dit,
1537 3645 1553 3674 ‘
1568 3659 1633 3695 ne
1655 3651 1871 3709 paterna
1888 3650 2225 3705 maternaque
2238 3639 2481 3689 nobilitas

1419 3720 1600 3784 nepoti
1638 3721 1836 3771 animos
1873 3716 2188 3779 extolleret,'
2224 3714 2416 3767 Justin.
2442 3727 2483 3764 1.

1417 3800 1470 3859 Δ,
1488 3801 1540 3847 4.
1573 3796 1834 3862 Quicquid
1851 3794 1986 3846 enim
2005 3794 2220 3854 virtute,
2238 3790 2481 3856 quicquid

1419 3872 1677 3924 industris
1692 3870 1999 3937 profeceris,
2020 3870 2140 3936 qnia
2153 3868 2395 3919 tamenin
2412 3882 2484 3919 η·

1423 3963 1526 4015 qno
1549 3949 1746 4012 videre,
1767 3947 1991 3998 fortnnae
2019 3945 2229 3996 modum
2252 3944 2484 4010 exigent.

1421 4026 1438 4054 ‘
1462 4025 1749 4090 AEgerrime
1781 4021 1957 4082 enim‚'
1997 4023 2074 4073 ait
2111 4022 2220 4072 Dio
2251 4021 2346 4072 lib.
2370 4034 2482 4071 xm.

1424 4104 1441 4133 ⁴
1465 4102 1698 4153 homines
1715 4100 1942 4150 tolerant
1963 4099 2061 4149 sibi
2091 4113 2123 4148 a
2145 4098 2249 4148 suis
2280 4098 2487 4164 oequali-

1424 4179 1520 4231 bus
1544 4175 1767 4228 anteiri!
1800 4176 1910 4226 Cic.
1929 4175 1996 4225 de
2019 4174 2174 4229 Orat.
2193 4178 2243 4225 2.
2263 4177 2345 4227 62.
2367 4174 2383 4201 ‘
2397 4172 2485 4222 In·

1424 4254 1604 4306 vident
1639 4251 1870 4303 homiues
1902 4251 2122 4302 maxime
2158 4249 2366 4316 paribus
2398 4254 2489 4302 aut
