2950 4892
538 382 672 451 ’708
1241 390 1460 443 ⁸01·AE
1508 389 1601 441 vs
1614 387 1913 442 morum
1959 383 2044 441 nt

541 541 694 594 Dise-
718 527 787 590 ad
802 540 930 590 Tac.
948 541 1031 591 27.
1096 536 1312 589 Grotius
1345 535 1416 587 de
1449 534 1504 588 J.
1535 535 1601 586 P.

544 626 602 672 et
633 620 696 669 B.
737 621 900 670 8.16.
949 614 1167 666 Masis.
1232 615 1320 664 De
1357 612 1603 663 libertate

546 683 770 747 Graeciae
811 691 1019 744 reddita
1040 690 1226 755 Polyb.
1258 691 1313 740 in
1336 689 1470 739 Exc.
1506 689 1604 737 Le-

544 778 654 839 gat.
689 784 852 822 c.1x.
891 775 950 821 et
987 767 1106 820 Lis.
1128 780 1335 818 xxxur.
1354 770 1436 816 22.
1501 765 1608 816 Ne-

547 850 655 901 scio
678 847 851 899 unde'
836 861 890 897 in
910 845 1083 897 Amst.
1103 843 1385 894 editionem
1404 841 1610 893 venerit

546 926 717 991 turpis
739 939 904 986 error,
934 937 995 973 ae
1014 920 1194 985 legibus
1212 920 1392 971 viveret
1412 921 1529 969 sais.
1613 926 1620 934 ·

613 1006 662 1069 ξ.
684 1008 747 1055 14
784 1003 905 1060 Qua
937 998 1141 1063 gaudio]
1173 998 1289 1058 Nec
1320 997 1609 1049 immerito:

550 1080 672 1132 vide
692 1095 835 1145 supr.
860 1083 910 1141 1,
933 1083 986 1141 9,
1010 1081 1061 1128 ⁸.
1095 1074 1315 1127 frma.

619 1155 870 1219 Nemsael‘
888 1151 1116 1205 Nemea'
1139 1151 1286 1212 silva,
1305 1151 1464 1215 locus,
1474 1149 1614 1214 urbs,

552 1233 684 1286 ludi.
738 1233 974 1285 Quatuor
991 1229 1213 1281 Graecias
1232 1227 1516 1279 certamina
1535 1240 1613 1277 sa·

555 1324 648 1362 cra
666 1307 896 1372 fuerunt,
926 1320 1054 1374 quos
1082 1304 1158 1355 illi
1186 1304 1371 1365 ἀγῶνας
1406 1302 1615 1353 dictita-

556 1385 718 1438 bant:
754 1385 953 1447 Nemea,
989 1380 1182 1448 Pythia,
1207 1379 1427 1441 que-aia,
1453 1378 1617 1442 Olym·

551 1463 654 1529 piu.
707 1460 860 1516 Quod
882 1474 1011 1525 ergo
1033 1458 1238 1509 Auctor
1255 1456 1342 1507 bic
1364 1454 1493 1506 dicit
1511 1452 1619 1504 fac·

558 1546 670 1591 tum
688 1538 744 1590 in
770 1535 1000 1598 Nemeis‚
1030 1534 1228 1598 Livius,
1247 1536 1332 1596 88,
1354 1534 1435 1584 18.
1457 1535 1517 1580 ct
1536 1534 1621 1591 84,

558 1620 647 1669 40.
691 1620 748 1667 et
785 1614 929 1666 Plut.
966 1610 1274 1673 Flaminino,
1308 1623 1426 1673 cap.
1451 1611 1532 1658 17.
1563 1606 1617 1657 id

559 1691 745 1742 dicunt
785 1688 983 1740 factum
1017 1689 1071 1738 in
1110 1685 1340 1737 Istbmiis
1381 1684 1622 1749 primum,

563 1766 755 1817 delude
778 1766 831 1816 in
854 1766 1086 1828 Nemeis,
1118 1769 1175 1814 et
1203 1762 1368 1827 magis
1389 1761 1546 1811 etiam
1558 1755 1621 1810 ‘in

560 1840 811 1894 Isthmiis.
866 1840 976 1892 Vin.
1061 1839 1312 1890 Petavius
1377 1837 1431 1887 in
1496 1836 1621 1888 Rat.

563 1918 747 1980 Temp.
781 1929 861 1969 ιν.
881 1920 932 1966 8.
962 1917 1049 1966 hic
1072 1914 1331 1979 duplicem
1371 1913 1514 1963 Plori
1544 1927 1624 1964 er-

564 2007 736 2043 rorem
774 1998 940 2055 notat,
976 1988 1383 2055 primum,·quod
1420 1989 1624 2040 Groecis

550 2065 858 2142 ‘libertatem
893 2068 945 2117 ln
983 2067 1193 2118 Nemeis
1232 2063 1625 2130 pronunciatum

567 2144 729 2195 dicit:
764 2158 880 2195 nam
913 2143 966 2193 in
986 2142 1066 2193 his
1086 2156 1200 2192 eam
1221 2141 1343 2191 solis
1363 2139 1575 2205 Argivis
1595 2154 1643 2189 a·

567 2219 779 2271 Nabide
801 2219 1061 2284 oppressis
1090 2217 1483 2282 pronunciatum
1507 2214 1628 2266 fnis-

571 2308 662 2358 se;
712 2294 942 2344 Isthmiis
986 2301 1159 2344 autem
1199 2292 1453 2344 Graeciae:
1502 2292 1629 2342 alte·

570 2385 702 2436 rum,
734 2370 872 2436 quod
902 2370 1103 2421 Nemea
1122 2367 1526 2435 quinquennalia
1555 2366 1631 2416 fa-

571 2449 664 2499 cit.
734 2448 930 2498 Verum
966 2452 1048 2499 cst
1087 2446 1298 2498 Nemeis
1335 2446 1454 2495 solis
1476 2443 1631 2509 Argi-

570 2525 650 2576 vis
672 2525 971 2576 libertatem
992 2523 1252 2575 redditam
1281 2521 1456 2585 fuisse,
1498 2522 1631 2572 Isth-

571 2602 689 2653 miis
711 2608 885 2652 autem
906 2601 1118 2667 reliquis
1131 2600 1366 2652 Graecis:
1400 2599 1474 2648 ita
1497 2598 1634 2647 enim

573 2678 641 2729 de
664 2677 768 2728 illis
788 2678 901 2729 Liv.
922 2690 1116 2729 xxxxv.
1135 2678 1219 2726 41.
1240 2675 1307 2725 de
1328 2674 1407 2724 his
1429 2687 1636 2725 xxxm-

574 2759 660 2806 82.
706 2754 895 2819 Polyb.
918 2754 954 2804 1.
975 2753 1030 2803 d.
1081 2754 1224 2804 Plnt.
1257 2749 1310 2802 in
1346 2752 1558 2802 Flamin.
1581 2758 1636 2802 et

572 2830 803 2895 Appian.
837 2832 893 2880 iu
933 2830 1061 2881 Exc.
1101 2829 1372 2893 Legation.
1411 2844 1458 2879 c.
1481 2841 1636 2878 xxiv.

574 2906 682 2958 Sed
703 2907 919 2958 Nemea
949 2919 1167 2971 agonem
1198 2905 1357 2956 etiam
1380 2904 1638 2956 Ausonius

576 2996 684 3033 uns
723 2996 842 3034 cum
882 2982 995 3032 aliis
1048 2982 1209 3033 sacris
1262 2980 1637 3032 certaminibus

578 3056 881 3107 Graecorum
894 3057 1350 3123 quinquennalem
1397 3055 1530 3107 facit
1584 3056 1639 3106 in

577 3130 684 3182 flue
719 3113 1002 3195 Eclogarii,
1037 3131 1469 3204 quemadmodum
1510 3131 1641 3182 Isth·

581 3207 742 3257 minin
772 3207 975 3258 Plinius
1007 3221 1086 3258 ιν.
1109 3208 1183 3259 H.
1208 3209 1276 3258 N.
1297 3213 1348 3257 6.
1383 3213 1439 3260 et
1474 3207 1639 3258 Solin.

585 3297 635 3334 c.
653 3296 781 3333 xm.
844 3284 1042 3332 Verum
1079 3291 1135 3334 et
1175 3285 1377 3334 Nemea
1412 3289 1469 3333 et
1508 3283 1641 3334 Isth·

582 3359 687 3409 mia
715 3358 992 3409 triennalis
1010 3357 1173 3409 fuisse
1193 3359 1387 3410 docent
1405 3361 1644 3424 Scaliger

584 3434 652 3498 ad
692 3434 888 3485 Euseb.
928 3435 1120 3485 chron.
1157 3451 1212 3500 p.
1233 3439 1316 3498 91.
1353 3443 1409 3487 et
1442 3440 1556 3488 189.
1587 3437 1644 3487 in

585 3512 800 3576 Proleg.
841 3511 909 3562 de
949 3512 1168 3562 Emend.
1206 3512 1383 3576 Temp.
1410 3529 1465 3578 p.
1503 3517 1554 3564 4.
1588 3519 1644 3564 et

587 3587 705 3639 Lib.
738 3601 781 3637 ι.
822 3602 874 3651 p.
899 3592 981 3639 6⁸.
1047 3587 1337 3639 Schmidius
1359 3589 1411 3639 iu
1435 3590 1646 3655 Proleg.

582 3663 651 3714 ad
693 3663 911 3715 Pindari
961 3663 1113 3715 Nem.
1152 3664 1368 3714 vinetus
1426 3665 1495 3715 ad
1540 3666 1645 3715 Au-

587 3755 705 3790 son.
722 3746 777 3791 et
795 3735 1098 3790 Dodrrellus
1121 3738 1187 3789 de
1220 3740 1394 3804 Cyclis
1423 3742 1645 3792 Dissert.

587 3830 665 3867 vt.
688 3825 746 3868 et
779 3831 875 3868 vu.
911 3818 928 3846 ‘
950 3817 1241 3868 Ceciuisse'
1269 3832 1562 3882 preconem
1591 3819 1644 3870 in

589 3892 796 3943 theatro
849 3893 1000 3957 dicit,
1048 3908 1164 3958 pro,
1208 3894 1473 3945 modulata
1517 3909 1647 3945 voce

589 3972 850 4032 tamquam
867 3976 1143 4041 canentem
1159 3970 1428 4022 decretum
1446 3972 1543 4021 boc
1557 3972 1649 4023 Se-

590 4047 744 4092 natus
784 4044 1176 4109 pronunciasse-3
1213 4047 1647 4112 quemadmodum

592 4115 833 4179 comoedi,
881 4118 1120 4184 tragoedi,
1164 4128 1223 4170 et
1268 4121 1649 4173 declamatores

594 4191 997 4255 pronunciantes
1065 4193 1312 4246 dicuntur
1362 4198 1380 4226 ‘
1423 4198 1649 4252 cancre?

592 4266 714 4318 vid.
738 4264 917 4317 Gra-x.
941 4265 1007 4317 sd
1029 4267 1145 4322 Cic.
1164 4269 1271 4325 Off.
1292 4285 1333 4325 ι.
1351 4275 1435 4328 42.

1743 534 2064 602 Quium
2082 533 2136 585 in
2148 534 2380 587 censalem
2393 523 2701 601 prosuae-ue]

1676 607 1813 662 Vide
1835 613 2043 662 omnino
2065 612 2275 677 Polyb.
2315 613 2444 664 Rxc.
2480 615 2705 678 Legamr,

1678 694 1728 740 6.
1762 695 1819 739 et
1847 687 2074 754 Appian.
2140 689 2261 740 Hoc
2298 695 2475 741 autem
2505 688 2610 740 fleri
2639 703 2706 739 soe

1680 765 1847 829 litum,
1901 766 2105 816 lionoris
2146 772 2305 831 atque
2354 765 2704 817 benevolentia

1681 858 1854 908 causa,
1873 845 1992 895 Diis
2021 844 2417 910 hominibusque
2434 846 2563 896 bene
2582 843 2709 895 meri·

1682 920 1770 973 tis.
1835 921 1973 986 Diis,
2003 927 2064 971 nt
2101 920 2241 986 apud
2275 921 2618 986 Capitolinum
2643 918 2708 968 M.

1686 995 1949 1048 Antonino
1990 1011 2108 1062 cap.
2149 1001 2203 1047 4.
2257 996 2275 1025 ‘
2307 996 2538 1048 Coronas
2579 995 2713 1046 cumi

1683 1069 1804 1124 bus
1823 1074 1877 1123 in
1920 1074 2163 1138 pulvinar
2207 1086 2277 1122 ex
2322 1087 2471 1123 more
2505 1067 2715 1137 jacienti·

1683 1150 1819 1202 bus!
1859 1149 2189 1214 Hominibus,
2212 1155 2304 1200 aut
2327 1148 2463 1199 vivis
2492 1156 2545 1199 et
2567 1147 2717 1198 viden·

1688 1226 1845 1290 tibus,
1860 1232 1922 1277 ut
1939 1226 1992 1277 h.
2014 1226 2051 1276 l-.
2072 1233 2128 1276 et
2149 1241 2233 1291 ap.
2269 1225 2504 1275 Pausan.
2520 1225 2715 1274 Mes-en.

1685 1302 1703 1331 ‘
1725 1301 2109 1354 Aristomenem
2150 1302 2447 1353 Andaniam
2489 1311 2718 1352 reversum

1689 1373 2011 1446 acceperunt.
2045 1385 2319 1442 matronae,
2354 1378 2538 1429 taeuias
2556 1379 2722 1429 in'euu

1690 1466 2000 1522 quacunque
2023 1455 2312 1518 incederet,
2346 1459 2407 1504 et
2429 1459 2492 1504 ut
2523 1452 2634 1504 anni
2662 1449 2723 1500 fe·

1691 1532 1843 1584 rebat
1863 1531 2258 1595 tempestivitas,
2284 1526 2442 1580 florea
2467 1536 2523 1581 ct
2553 1527 2726 1578 fructas

1684 1605 1979 1673 jacientes?
2046 1604 2199 1656 Adde
2216 1605 2429 1656 Arrian.
2453 1609 2506 1667 ⁸,
2526 1609 2577 1668 2,
2592 1609 2664 1655 28.
2682 1608 2730 1652 et

1694 1685 1850 1735 eund.
1871 1684 1938 1735 de
1963 1683 2099 1734 Reb.
2133 1683 2254 1733 Iud.
2282 1687 2338 1744 6,
2359 1686 2447 1733 16.
2481 1687 2534 1747 7,
2568 1685 2639 1732 12.
2667 1680 2729 1730 sic

1696 1776 1780 1828 ap.
1821 1759 2107 1812 Herodian.
2150 1764 2203 1821 4,
2247 1763 2330 1810 16.
2416 1757 2736 1809 Alexandrini

1695 1839 1713 1869 ‘
1752 1835 1937 1888 florum
1984 1835 2331 1902 sparsionibus
2391 1835 2731 1901 imperatorem

1698 1910 2069 1981 [caracallam]
2097 1911 2426 1963 honorabant
2441 1911 2477 1962 :'
2513 1919 2601 1962 aut
2626 1923 2735 1960 mor·

1700 1991 1821 2054 tuis,
1862 1991 2016 2058 idque
2057 1989 2113 2039 in
2165 1987 2394 2051 feretro,
2444 1988 2568 2039 dum
2609 1984 2738 2037 &cr-

1700 2075 1900 2132 rentur,
1931 2073 1992 2118 ut
2026 2081 2113 2131 sp.
2146 2065 2288 2117 Plin.
2319 2068 2410 2128 21,
2443 2070 2495 2116 ⁸.
2529 2064 2738 2131 cujuslo·

1701 2161 1820 2197 cum
1841 2147 2104 2213 aliquanto
2119 2145 2392 2196 meliorem
2416 2158 2574 2211 quam
2590 2141 2740 2205 aoeepi

1702 2221 1945 2272 reddam:
1968 2223 1987 2252 ‘
2005 2222 2212 2272 Florum
2235 2220 2450 2287 quidem
2467 2220 2599 2285 Pop.
2613 2217 2741 2268 Rom

1702 2296 1943 2348 honorem
1959 2297 2192 2363 Scipioni
2211 2304 2421 2349 tanturn
2439 2296 2632 2348 babuit.
2668 2293 2742 2344 Se·

1703 2375 1846 2439 rapio
1865 2373 2345 2440 cognominabatur,
2359 2379 2586 2440 propter
2598 2369 2745 2421 sim’li·

1707 2450 1939 2501 tudinem
1952 2450 2107 2501 suarii
2124 2449 2399 2515 cujusdam
2413 2445 2743 2515 negotiatoris.

1708 2525 1933 2577 Obierat
1957 2524 2115 2591 (male
2133 2528 2331 2578 lectum
2351 2526 2610 2578 hactenus
2628 2522 2746 2574 obis

1707 2602 1837 2668 erut)
1870 2603 1923 2653 in
1957 2604 2244 2654 Tribunatu
2281 2603 2464 2669 plebei
2500 2600 2743 2652 admodu-

1708 2685 1904 2744 gratus,
1923 2678 2211 2744 dignusque
2233 2676 2607 2729 AfrIeanorum
2627 2674 2749 2727 fani-

1707 2754 1794 2804 lia.
1861 2753 1978 2804 Nec
2014 2759 2132 2803 erat
2160 2753 2216 2803 in
2253 2752 2407 2803 bonis
2449 2753 2645 2803 funeris
2675 2753 2750 2801 in·

1709 2844 1889 2895 pensa.
1960 2829 2115 2880 Asses
2143 2843 2269 2894 ergo
2290 2830 2520 2880 contulit
2542 2827 2752 2894 popam,

1711 2919 1774 2957 ac
1795 2906 1947 2957 funus
1964 2906 2205 2970 elocavit,
2244 2919 2454 2971 quaque
2478 2903 2756 2971 profereba-

1712 2989 1818 3045 tur,
1839 2981 1993 3033 flores
2015 2995 2046 3032 e
2069 2989 2355 3048 prospectu
2375 2982 2526 3033 omni
2545 2977 2752 3047 sparsit?

1711 3061 1796 3111 vel
1836 3059 1891 3108 in
1931 3058 2211 3123 sepulcris,
2250 3071 2408 3123 quem
2454 3059 2616 3109 ritum
2647 3054 2754 3108 'uffi-

1712 3141 1835 3186 cant
1856 3134 2064 3199 plurimi
2092 3133 2319 3183 omnium
2356 3132 2475 3184 fere
2498 3133 2755 3185 Poenam

1714 3211 1842 3261 loci:
1875 3209 2131 3276 quomodo
2159 3215 2216 3260 et
2236 3208 2514 3274 Augustus
2548 3211 2566 3240 ‘
2596 3218 2757 3273 corpas

1718 3285 2005 3336 Alexandri
2026 3284 2237 3340 floribus
2256 3288 2760 3351 aspersis-veneratu

1715 3361 1830 3414 est!
1863 3363 2013 3414 Suet.
2036 3361 2171 3427 Aug.
2193 3366 2278 3425 18,
2302 3366 2350 3413 1.
2415 3363 2536 3414 Sed
2575 3363 2671 3413 ista
2697 3361 2758 3410 la·

1715 3441 1955 3490 colenter
1987 3439 2221 3504 explicat
2242 3439 2484 3492 Kircbm.
2505 3439 2578 3491 dc
2597 3436 2762 3490 faueri-

1716 3516 1814 3567 bus
1853 3516 2218 3567 Romanorum.
2312 3515 2574 3582 Denique
2629 3515 2761 3564 etism

1717 3593 1965 3658 imagines
2027 3590 2243 3643 floribus
2298 3605 2514 3658 sparsas
2565 3591 2760 3656 legi-as

1719 3684 1803 3735 sp.
1838 3671 1964 3720 Tac.
1997 3673 2081 3732 14,
2114 3672 2200 3732 61,
2229 3673 2277 3720 1.
2312 3675 2373 3720 et
2409 3668 2486 3720 Η.
2526 3672 2578 3721 2.
2613 3662 2761 3730 “st-

1718 3745 1938 3798 steina&
2005 3743 2145 3795 Add.
2165 3745 2311 3809 Lips.
2329 3745 2400 3796 ad
2419 3746 2549 3797 Tac.
2570 3757 2679 3796 xiv.
2707 3739 2761 3790 A.

1717 3824 1803 3872 61.
1868 3820 2094 3871 Cassub.
2121 3821 2188 3872 ad
2210 3821 2360 3873 Suet.
2416 3823 2555 3874 Ner.
2578 3833 2702 3874 m.
2718 3823 2764 3869 et

1719 3896 1959 3947 Freiusb.
1979 3896 2047 3946 ad
2068 3897 2217 3948 Curt.
2241 3913 2293 3949 v.
2316 3902 2363 3950 1.
2382 3901 2469 3949 20.

1785 3973 1834 4036 §.
1854 3977 1915 4022 16
1950 3972 2181 4036 Repetam
2199 3974 2337 4024 wan
2357 3974 2548 4040 meas]
2577 3970 2763 4025 ItsPo-

1720 4048 1912 4113 lybius,
1930 4048 2203 4100 Plutarch.
2220 4054 2277 4099 et
2291 4049 2407 4100 Ην.
2429 4051 2467 4099 l.
2484 4049 2544 4103 d.
2573 4050 2592 4078 ‘
2611 4045 2768 4098 Achai·
2877 4037 2878 4048 ¹

1720 4137 1804 4174 am
1819 4122 1834 4146 ⁹
1879 4138 2017 4175 nunc
2053 4130 2229 4188 vocat,
2260 4139 2417 4189 quam
2448 4125 2634 4190 paullo
2665 4126 2768 4172 aot·

1722 4200 1740 4230 ⁸
1769 4200 2062 4253 Graciam?
2141 4202 2420 4254 Quo-odo
2457 4208 2682 4255 veteres·
2705 4197 2769 4248 ΕΙ·

1722 4278 2014 4331 nominibus
2033 4285 2250 4332 utantur
2269 4278 2565 4333 ostendunt
2584 4277 2771 4332 uasat·
