2950 4892
510 328 640 395 510

512 485 666 545 vitas.
722 484 899 536 vida.
919 489 1001 545 17,
1025 489 1072 534 1.
1096 498 1158 535 ιι.
1183 489 1325 548 15,1.
1342 498 1428 537 ιιι.
1445 488 1497 546 1,
1525 488 1567 534 Ι.

423 588 443 605 ·
515 571 572 614 et
592 575 682 612 ιιι.
705 565 755 626 2,
774 566 820 612 1.
877 561 1063 627 Itaque
1100 561 1197 612 hoc
1222 560 1405 625 probo.
1462 560 1570 610 Sed

515 638 700 703 reliqui
734 637 869 703 quod
916 637 1212 689 auctoribus
1266 637 1380 688 aliis
1421 636 1568 687 libris

424 770 431 779 ,
515 714 762 765 volebant
792 715 949 766 Salm.
987 723 1044 765 ct
1084 713 1345 764 Graevius.
1408 714 1424 742 ‘
1448 712 1570 765 Hoc

516 793 770 843 Fidenate
787 792 803 817 ’
840 792 945 843 dici
967 797 1128 857 negat
1148 792 1294 841 Voss.
1326 788 1392 840 de
1414 788 1569 839 Anal.

516 883 580 920 ιι.
623 874 705 922 21.
756 885 819 920 ac
856 870 1013 921 docet
1057 866 1342 932 hujusmodi
1384 872 1572 916 neutra

515 961 722 1011 semper
744 948 887 997 exire
926 946 979 996 in
998 961 1070 995 ns.
1119 943 1422 996 Salmasium
1445 942 1570 993 nihil

505 1024 659 1089 juvat
705 1023 885 1074 titulus
917 1021 1068 1086 liujus
1108 1019 1297 1082 capitis
1333 1019 1387 1069 in
1441 1020 1572 1071 Νη.

516 1114 670 1164 quem
686 1115 718 1148 a
737 1100 887 1149 Floro
908 1112 1024 1149 esse
1042 1097 1245 1147 ostendi
1263 1111 1362 1146 uon
1382 1102 1572 1159 potest.

519 1175 697 1229 Hostes
733 1174 938 1224 Etruria
956 1173 1009 1234 s.
1051 1172 1201 1223 Voss.
1226 1176 1271 1223 8.
1331 1172 1575 1225 Vnicum

516 1255 599 1306 hic
618 1255 731 1306 Pal.
755 1260 800 1306 1.
835 1262 889 1306 et
920 1268 971 1303 n.
991 1259 1041 1304 4.
1082 1253 1366 1304 Veiliientes.
1415 1251 1571 1302 Fran.

517 1338 741 1398 utroque
762 1333 876 1383 loco
907 1331 1171 1381 Venientes.

581 1410 946 1474 mnusque]
1024 1409 1239 1458 Privato
1282 1412 1474 1470 sumtu,
1518 1411 1577 1456 et

517 1487 703 1547 milite,
728 1498 787 1538 ut
807 1486 999 1537 Fabius
1021 1486 1141 1536 Cos.
1174 1484 1393 1548 ap.·1.iv.
1410 1497 1476 1534 ιι.
1492 1485 1575 1532 48.

517 1568 533 1595 ⁴
560 1566 810 1616 Nostrum
853 1563 909 1613 id
946 1561 1094 1629 nobis
1139 1561 1284 1611 velut
1319 1558 1576 1610 familiare

520 1643 708 1693 bellum
732 1641 936 1705 privato
958 1646 1130 1690 sumtu
1166 1650 1348 1700 gerere
1384 1636 1437 1685 in
1470 1636 1577 1686 ani-

518 1733 603 1769 mo
636 1726 737 1769 est.
804 1715 1119 1780 Respublica
1153 1721 1211 1765 et
1254 1712 1416 1763 milite
1440 1712 1578 1779 illic,

518 1801 575 1845 et
592 1802 765 1845 sumtu
785 1796 989 1843 vacet.’.

585 1871 630 1934 ς.
646 1873 678 1918 2
692 1868 826 1918 Satis
845 1881 1068 1931 superque
1083 1867 1248 1917 idonea
1261 1867 1436 1918 clades.
1454 1866 1581 1917 Coesi

519 1947 648 2010 apud
672 1945 940 1995 Cremeram
963 1944 1178 2006 trecenti,
1195 1944 1426 2007 patricius
1443 1956 1577 1993 exer·

519 2024 662 2085 citus,
686 2026 733 2071 et
764 2023 988 2071 scelerato
1018 2020 1211 2083 signata
1239 2020 1443 2082 nomine,
1475 2034 1581 2084 «μισ

518 2100 862 2167 prqficismta
885 2100 936 2149 in
963 2100 1183 2164 prelium
1210 2104 1353 2163 porta
1370 2097 1580 2160 dimisit]

524 2179 645 2229 Nic.
684 2176 932 2229 Heinsius
964 2177 1039 2227 sic
1075 2178 1176 2239 legi
1201 2177 1355 2242 jubet
1389 2182 1445 2226 et
1477 2175 1580 2225 dis-

524 2254 723 2318 tingui:
778 2254 910 2303 Satis
941 2268 1168 2317 superque
1207 2254 1374 2303 idonea
1405 2253 1579 2313 clades,

521 2335 631 2383 coesi
651 2335 774 2396 apud
799 2334 1069 2383 Cremeram
1101 2332 1319 2393 trecenti,
1348 2330 1583 2394 patricius

521 2414 760 2464 exercitus
776 2429 793 2463 .·
825 2417 872 2463 et
902 2413 1126 2462 scelerato
1155 2410 1349 2473 signata
1376 2409 1580 2470 nomine,

523 2506 628 2554 qnoe
644 2489 988 2556 proficiscentes
1007 2487 1060 2538 in
1087 2487 1307 2552 prelium
1330 2491 1471 2550 porea
1506 2485 1582 2534 di·

522 2567 674 2619 vuisit.
739 2566 828 2616 Sic
850 2565 941 2617 lib.
962 2579 1024 2615 ιι.
1057 2578 1172 2628 cap.
1195 2567 1278 2615 11.
1309 2562 1583 2625 distinguit

523 2644 692 2695 idem:
728 2647 744 2674 ‘
771 2644 893 2695 Pras
925 2649 1071 2694 tauta
1104 2642 1322 2693 victoria
1352 2641 1468 2692 leve
1492 2641 1582 2690 hn-

513 2724 603 2788 jus
627 2722 798 2789 praelii
827 2721 1089 2783 damnum,
1122 2720 1270 2784 (tolle
1292 2716 1417 2784 fuit)
1449 2718 1584 2767 alter

524 2800 790 2851 consulum
822 2798 1175 2861 interceptus,
1193 2799 1292 2846 διο.
1321 2801 1481 2860 etque
1510 2794 1585 2844 ita

523 2891 801 2943 oppressus
866 2874 977 2927 est!
1057 2875 1211 2926 Falsa
1267 2887 1392 2924 vero
1451 2887 1585 2935 esse,

523 2968 641 3019 quas
663 2954 731 3003 de
755 2960 1105 3002 trecentorum
1123 2944 1285 3000 et'sex
1303 2949 1585 3001 Fabiorum

527 3028 747 3092 patricio
779 3028 1015 3076 exercitu
1037 3033 1185 3076 tauto
1209 3040 1465 3075 consensu
1501 3040 1586 3075 ve-

528 3110 668 3153 teres
704 3101 1046 3163 tradiderunt,
1081 3101 1311 3156 ostendit
1338 3102 1405 3152 cl.
1440 3100 1588 3150 Peri·

526 3180 720 3241 zonins,
752 3178 873 3244 qnia
896 3178 982 3226 vix
1020 3182 1100 3227 tot
1132 3191 1344 3227 numero
1379 3177 1587 3241 patricii

528 3257 754 3308 omnium
811 3255 1040 3320 gentium
1091 3254 1428 3319 patriciarum
1476 3261 1586 3304 tum

530 3335 798 3400 temporis,
850 3332 1117 3397 trigesimo
1182 3331 1422 3382 nimirum
1468 3338 1589 3395 post

528 3421 744 3463 exactos
788 3425 936 3475 reges
974 3424 1129 3472 anno,
1162 3410 1340 3459 Romae
1372 3407 1586 3460 fuerint.

529 3492 726 3541 Censet
764 3490 937 3554 itaque
986 3487 1084 3537 hoc
1135 3488 1324 3537 bellum
1365 3488 1586 3552 gessisse

529 3567 841 3616 Consulares
867 3564 1051 3614 Fabios
1069 3564 1306 3615 Marcum
1335 3571 1391 3615 et
1412 3566 1587 3615 Caeso-

528 3657 664 3705 nem,
686 3648 743 3692 et
760 3648 1024 3692 trecentos
1058 3655 1148 3691 sex
1171 3640 1311 3690 viros
1349 3641 1416 3691 ad
1452 3641 1585 3691 illud

530 3718 791 3782 eduxisse,
813 3717 906 3768 sed
931 3731 1032 3768 non
1057 3731 1234 3769 omues
1252 3718 1398 3769 nnius
1417 3720 1588 3782 gentis

529 3798 741 3858 Fnbiae,·
766 3795 857 3846 sed
909 3795 1181 3845 maximam
1231 3802 1435 3859 partem
1480 3810 1588 3846 suae

531 3874 698 3938 gentis
716 3873 951 3933 clientes,
967 3872 1051 3936 qui
1070 3870 1197 3921 dicti
1215 3868 1586 3936 fuerintFabii,

529 3950 652 4016 quia
671 3960 772 3997 non
805 3949 959 3997 modo
982 3949 1080 3998 illis
1111 3946 1273 3997 duces
1297 3946 1510 4013 sinerint,
1532 3956 1589 3998 et

531 4033 770 4078 auctores
790 4027 936 4077 istius
968 4026 1334 4091 expeditionis,
1356 4027 1447 4077 sed
1468 4027 1589 4093 quia

529 4104 584 4153 in
606 4117 663 4152 se
686 4110 740 4153 et
760 4115 899 4151 suam
916 4111 1126 4166 gentem
1141 4103 1439 4167 receperint
1461 4102 1589 4153 illud

532 4181 741 4243 bellurn,
766 4193 828 4229 ac
852 4193 947 4244 per
980 4195 1035 4228 se
1058 4186 1113 4230 et
1143 4194 1249 4229 suae
1290 4179 1461 4245 gentis
1495 4180 1588 4230 cli-

530 4256 726 4309 entelas
759 4254 812 4305 id
839 4256 1113 4320 gesserint.
1180 4255 1314 4305 Vide
1354 4256 1590 4319 pluribus

1200 342 1416 392 No'rAE
1468 342 1867 394 VAmoRUM
1917 344 1996 393 m

1644 484 1758 534 lsaec
1775 491 2093 535 asserentem
2111 485 2163 535 in
2187 486 2486 550 elegantiss.
2531 486 2712 539 Anim⁶

1647 562 1766 612 adv.
1811 562 1952 612 Hist.
1995 578 2112 628 cap.
2147 569 2196 614 5.
2250 565 2385 615 Groe.
2471 567 2705 631 Vulgata

1645 639 1875 689 narratio
1891 639 1958 690 de
1975 643 2090 690 8⁰0.
2121 640 2293 691 Fabiis
2312 640 2378 691 ad
2403 642 2704 693 Crer‘neram

1645 714 1793 765 cesis
1822 715 1978 765 ctiam
2009 716 2313 768 Casaubono
2345 717 2704 783 improbabilis

1647 794 1761 843 visa
1798 791 1916 853 fuit,
1948 793 2036 858 qui
2069 793 2134 843 nd
2171 795 2317 845 Suet.
2351 793 2483 858 Aug.
2505 808 2704 846 xxxiv.

1645 865 1795 918 futile
1816 865 2121 931 παράκουσμα
2138 878 2311 920 vocat.
2357 870 2537 921 Idonea
2555 873 2706 921 clades

1646 945 1999 995 Freinshemio
2020 946 2073 995 in
2090 945 2206 998 Iud.
2229 947 2358 996 satis
2371 961 2584 1012 magna.
2612 948 2706 999 Est

1648 1022 1786 1085 talis,
1807 1036 1921 1088 quun
1945 1022 2121 1073 clades
2146 1022 2249 1073 dici
2265 1030 2705 1090 mereretur,an

1647 1098 1854 1148 nomine
1876 1099 2038 1149 cladis
2060 1099 2220 1164 digua
2251 1107 2411 1151 esset.
2481 1101 2588 1152 Ov.
2607 1102 2704 1167 Ep.

1646 1175 1843 1226 Didon.
1871 1189 1924 1237 vr.
1961 1180 2072 1226 106.
2106 1183 2164 1226 et
2197 1177 2343 1227 Suet.
2372 1176 2510 1242 Aug.
2551 1191 2706 1228 xxxr.

1646 1252 1662 1279 ‘
1688 1251 1911 1301 Idoneus
1934 1251 2151 1315 auctor}
2192 1267 2285 1318 pro
2322 1268 2389 1304 co
2411 1255 2501 1319 qui
2524 1254 2707 1318 dignus

1649 1335 1730 1379 est
1767 1329 1974 1379 nomine
2001 1329 2253 1393 auctoris,
2287 1330 2375 1394 qui
2409 1329 2575 1380 fidem
2608 1346 2707 1381 use·
2775 1313 2790 1330 ¹

1651 1410 1814 1455 retur.
1856 1405 1992 1456 Geli.
2027 1420 2080 1455 v.
2111 1411 2161 1457 0.
2208 1407 2225 1435 ‘
2249 1406 2496 1457 Hostium
2521 1422 2710 1458 noae-

1648 1484 1858 1547 humile,
1889 1492 1946 1536 et
1966 1498 2070 1535 uon
2096 1485 2393 1536 idoncunt'
2435 1500 2534 1551 pro
2551 1487 2710 1537 hosti-

1650 1560 1745 1611 bus
1759 1575 1824 1611 ne
1839 1562 2043 1627 quidem
2062 1561 2235 1628 dignis
2246 1563 2453 1612 nominc
2466 1563 2711 1624 boatium,

1650 1639 1826 1702 quales
1855 1645 1977 1689 sunt
2005 1639 2163 1702 servi,
2195 1639 2395 1704 piratas,
2429 1646 2488 1690 et
2519 1639 2722 1704 gladia-'

1653 1722 1809 1767 tores.
1874 1717 1945 1767 Et
1965 1717 2157 1766 idoneus
2172 1731 2267 1780 pro
2281 1731 2366 1778 eo,
2381 1717 2469 1782 qui
2481 1726 2712 1767 meretur

1652 1795 1850 1861 aliquid
1873 1796 1985 1860 pati
2004 1796 2143 1860 apud
2165 1796 2272 1846 Sal.
2290 1796 2409 1846 Cat.
2433 1807 2510 1845 m.
2562 1797 2580 1825 ⁴
2608 1796 2713 1847 No-

1651 1886 1771 1921 vum
1807 1872 1932 1922 illud
1980 1874 2275 1937 exemplum
2311 1872 2378 1922 ab
2425 1871 2617 1936 dignis,
2657 1878 2712 1922 ct

1652 1946 1870 2013 idoneis,
1889 1947 1954 1998 ad
1978 1947 2233 2010 indignos,
2266 1954 2323 1998 et
2361 1962 2466 1997 non
2499 1947 2720 1997 idoneos·

1654 2024 2003 2076 transfertur!
2051 2024 2362 2077 :Distinctio
2403 2025 2472 2076 N.
2507 2024 2713 2074 Heinsii

1655 2101 1955 2152 concinnior
1997 2101 2205 2152 videtur
2242 2104 2470 2164 vulgata.
2540 2100 2717 2151 Idem

1653 2180 1785 2229 clade
1806 2179 1958 2228 Fran.

1724 2257 1960 2321 Decentii]
1994 2256 2082 2308 Ita
2101 2256 2222 2321 feci,
2242 2271 2357 2307 cum
2390 2264 2551 2309 antea
2577 2258 2714 2322 lege-

1655 2342 1817 2395 retur,
1852 2335 2050 2385 trecenti
2086 2336 2428 2400 essem-qnia
2467 2334 2714 2385 rotundus
2799 2354 2806 2363 ·

1655 2412 1755 2463 iste
1778 2426 2021 2463 numerus
2054 2413 2107 2462 in
2143 2411 2309 2461 tribus
2352 2412 2487 2464 Pall.
2524 2412 2577 2461 in
2613 2418 2715 2461 vet.

1657 2488 1742 2539 ed.
1765 2496 1822 2538 ct
1858 2489 2084 2555 antiquis
2103 2489 2285 2538 Vineti
2315 2488 2500 2549 libris3
2534 2488 2716 2538 decet-

1654 2580 1755 2630 qne
1788 2565 2044 2615 Aunaeum
2078 2574 2330 2616 nostrum.
2375 2566 2504 2615 Gru.
2572 2566 2589 2593 ‘
2610 2565 2716 2615 Sex

1657 2650 1713 2693 et
1749 2642 2042 2693 trecentos’
2078 2648 2316 2692 numerat
2352 2642 2465 2693 Liv.
2487 2647 2536 2693 2.
2559 2648 2644 2707 49,
2663 2646 2714 2692 4.

1655 2726 1706 2771 2.
1728 2725 1812 2785 50,
1841 2725 1922 2771 12.
1961 2718 2181 2770 eundem
2211 2733 2482 2769 numerum
2519 2719 2716 2770 liabent

1661 2796 1880 2863 Dionys.
1914 2801 1995 2847 17.
2018 2802 2069 2847 9.
2093 2804 2149 2847 et
2172 2797 2395 2861 Eutrop.
2431 2797 2634 2847 Seneca
2651 2796 2716 2846 de

1658 2875 1840 2928 Benef.
1883 2879 1930 2927 4.
1974 2879 2059 2937 80,
2091 2877 2140 2923 8.
2190 2873 2207 2902 ‘
2230 2873 2533 2924 trecentos?
2582 2872 2718 2923 Vide

1659 2954 1813 3004 etiam
1836 2960 2011 3003 notam
2046 2949 2113 3000 ad
2143 2948 2349 3014 proefst.
2375 2955 2422 3001 1.
2457 2952 2549 3001 Fr.
2612 2950 2718 3001 Ad·

1659 3030 2000 3080 ditameutum
2031 3041 2117 3077 sex
2145 3032 2396 3091 respuunt
2434 3042 2535 3078 om.
2569 3043 2643 3079 sc.
2664 3035 2719 3077 ct

1661 3106 1758 3156 Ed.
1782 3107 1905 3155 Vet.

1723 3182 1961 3232 Scelerato
1979 3181 2170 3245 muta
2190 3181 2397 3245 nomine]
2464 3182 2553 3232 Ita
2575 3197 2720 3249 egre-

1662 3258 1745 3323 gie
1778 3260 1894 3309 Pal.
1918 3264 1966 3309 l.
1989 3272 2104 3309 nam
2126 3264 2175 3309 2.
2198 3274 2260 3309 ac
2283 3262 2330 3309 ⁸.
2352 3261 2589 3323 signum.
2619 3267 2719 3311 vet.

1662 3336 1744 3387 ed.
1779 3337 2039 3398 signatam.
2086 3336 2217 3387 Gru.
2282 3335 2507 3387 Videtur
2546 3344 2718 3387 autem

1661 3412 1961 3463 concinnior
2015 3411 2193 3463 futura
2242 3414 2419 3475 lectio,
2476 3414 2521 3463 si
2576 3416 2719 3480 prior

1662 3489 1820 3539 etiam
1844 3504 1945 3539 vox
1977 3497 2206 3540 mutetur
2237 3491 2288 3540 in
2318 3492 2575 3540 scelerate.
2642 3488 2728 3539 Εἰ

1664 3572 1838 3615 eutem
1863 3573 2011 3629 port·
2033 3573 2154 3616 ante
2188 3567 2204 3594 ⁸
2228 3566 2573 3616 Carmentalis
2589 3567 2603 3590 ’
2635 3580 2717 3616 vo-

1662 3642 1897 3692 cabatur.
1929 3640 2050 3692 ov.
2090 3643 2150 3692 F.
2186 3646 2234 3691 2.
2256 3646 2370 3693 202.
2405 3642 2501 3693 sed
2535 3650 2728 3693 nomeu·

1661 3717 1879 3769 mutavit
1896 3717 1965 3769 ob
1987 3717 2199 3768 emissos
2225 3719 2428 3783 Fabios,
2440 3720 2587 3784 quusi
2608 3718 2716 3783 ipsa

1661 3794 1716 3844 iu
1754 3793 1951 3843 caedem
1996 3807 2174 3843 corum
2207 3794 2575 3845 consensisset.
2637 3794 2728 3843 Ex·

1662 3869 1816 3919 simili
1852 3874 2154 3930 argumento
2186 3871 2202 3899 ‘
2226 3868 2522 3921 Sceleratus
2543 3868 2713 3921 vicns'

1662 3946 1834 3996 dictus
1858 3954 1939 3996 est
1960 3961 2043 4011 ap.
2069 3947 2180 3997 Liv.
2198 3952 2244 3997 l.
2264 3952 2350 4009 48,
2372 3952 2420 3997 7.
2451 3948 2467 3974 ‘
2489 3948 2713 3998 Scelera-

1664 4030 1745 4073 tus
1763 4023 1950 4084 collis,'
1972 4023 2063 4072 ubi
2099 4023 2393 4076 Phalaridis
2413 4030 2593 4074 taurus
2612 4022 2714 4072 fue-

1662 4106 1763 4161 rat,
1784 4114 1867 4164 ap.
1906 4099 2063 4150 Diod.
2109 4100 2126 4128 ‘
2145 4099 2440 4150 Sceleratus
2474 4096 2711 4164 campus'

1662 4193 1745 4242 ap.
1771 4178 1881 4227 Liv.
1897 4181 1948 4226 8.
1968 4181 2112 4239 15,6.
2148 4178 2232 4229 Fr.
2279 4177 2382 4226 Dio
2400 4177 2453 4226 in
2471 4177 2709 4239 Excerpt·

1664 4254 1895 4306 Peiresc.
1941 4270 1993 4320 p.
2023 4258 2136 4304 578.
2211 4254 2433 4304 Romam
2477 4254 2494 4282 ‘
2519 4257 2709 4319 poma
