2950 4892
752 388 816 436 1..
864 386 1120 437 Anna-:l
1174 387 1393 436 nom
1444 388 1586 437 ms.
1636 389 1682 436 ι.
1729 390 1890 438 οη.
1935 371 2039 438 11.

298 531 427 581 riam
477 530 824 581 narrationem
877 531 1017 581 Deos
1060 537 1115 581 et
1148 531 1359 595 -heroas,

298 616 541 672 tanquam
562 608 616 656 in
639 607 892 672 tragoedia
918 622 984 657 ex
1005 606 1261 669 machina,
1284 607 1358 657 in·

295 680 479 733 ducat.
545 683 835 745 Praeterea,
856 682 978 733 dum
1001 682 1187 733 nimius
1206 684 1356 734 estin

294 761 594 811 exornanda
616 760 811 826 fabula,
831 770 885 814 et
908 763 1216 813 ostentando
1240 778 1359 813 acu-

289 827 439 886 ‘minc
483 838 877 904 declamatorio,
910 838 1146 890 fortassis
1179 840 1356 904 inepte

292 921 550 965 memorat
570 915 906 979 stipendium,
929 916 1068 982 quod
1096 930 1162 965 ea
1198 923 1356 967 oetate

289 990 521 1042 nondum
546 994 883 1044 constitutum
906 1000 1022 1044 erat
1044 993 1307 1044 militibus.

352 1067 643 1133 Dabitacis]
677 1069 764 1120 Ita
795 1069 916 1119 olim
947 1069 1090 1131 cusi3
1124 1069 1201 1118 ita
1220 1069 1357 1134 triga

291 1144 670 1196 Palatiuorum.
728 1147 876 1198 Grai.

354 1222 655 1288 Pectusque]
685 1224 773 1274 Sic
814 1224 948 1274 Pau.
983 1238 1159 1275 omnes
1192 1225 1268 1275 sic
1300 1231 1356 1275 et

290 1297 356 1347 V.
378 1299 465 1363 E„
481 1311 554 1350 ne
573 1301 661 1350 cni
683 1300 851 1373 adhuc
873 1300 1078 1364 placeat
1101 1300 1358 1352 Camertis

285 1382 557 1441 namu.
592 1377 752 1428 Grnt.

350 1454 656 1505 Ero-eddidit
666 1455 1360 1520 planequasicomilitoaibu

288 1529 381 1580 diis
396 1530 717 1595 stipendium]
740 1532 933 1583 Melior
953 1533 1109 1583 etiam
1127 1533 1225 1584 hac
1243 1547 1358 1599 par·

288 1613 358 1670 te,
378 1608 514 1658 utin
538 1607 804 1671 omnibus,
826 1608 956 1660 Naz.
987 1611 1073 1675 qui
1106 1610 1272 1675 legit:
1308 1616 1356 1662 et

286 1684 491 1734 reddidit
529 1685 672 1749 quasi
712 1686 998 1749 stipendium
1024 1687 1355 1737 commilitoni·

291 1764 370 1815 bas
386 1766 495 1816 diis.
545 1767 621 1817 Et
644 1766 720 1816 sic
740 1781 943 1832 quoque
965 1766 1080 1817 Pal.
1106 1772 1155 1818 1.
1189 1765 1357 1832 Alter,

288 1846 346 1890 ut
365 1840 674 1905 posterioris
699 1842 818 1904 aevi,
839 1841 914 1892 ita
946 1841 1103 1893 etiam
1130 1842 1356 1894 deterio-

290 1918 358 1968 ris
400 1927 565 1983 nota‘,
608 1919 868 1970 sincerum
912 1920 1187 1985 incrustat,
1218 1921 1356 1971 voci·

289 1993 382 2044 bus
422 1995 660 2046 additis:
710 2001 759 2046 et
800 1998 1014 2047 reddidit
1046 1998 1189 2063 plane
1222 1998 1355 2062 quasi

288 2072 573 2138 dipondium
644 2073 894 2137 militibus,
963 2073 1355 2125 conmilitonibus

290 2150 394 2200 diis.
426 2164 493 2200 ea
524 2150 749 2200 licentia
784 2149 904 2214 fuit,
939 2158 1125 2217 aperta
1147 2152 1196 2202 vi
1219 2166 1354 2217 gras-

290 2225 430 2276 sandi
475 2226 532 2276 in
572 2227 741 2277 bonos
782 2234 1039 2279 auctores.
1089 2228 1193 2278 Sal.
1287 2229 1353 2279 Et

286 2303 490 2354 reddidit
518 2305 668 2368 pleae
697 2305 834 2369 quasi
862 2306 1147 2370 stipendium
1163 2306 1352 2356 commi·

288 2379 505 2431 litonibus
525 2382 671 2446 Diis]
700 2383 905 2435 Positio
928 2382 1202 2435 verborum
1226 2399 1353 2451 pen·

290 2453 375 2508 det
395 2472 427 2509 a
454 2457 560 2510 fide
605 2459 763 2510 trium
798 2460 911 2510 Pal.
946 2460 1044 2511 nisi
1075 2460 1212 2527 quod
1245 2476 1351 2514 sec.

289 2531 573 2599 interjiciat
618 2549 835 2598 vocem3
869 2537 1157 2603 stipendium
1182 2539 1350 2589 mititi-

289 2607 368 2659 bas
385 2610 801 2663 commilitonibus.
839 2609 1157 2678 Vulgabatur
1175 2614 1348 2679 prius:

284 2687 419 2749 plne
448 2689 589 2752 quasi
610 2687 1008 2739 comilitonibus
1038 2691 1154 2740 Diis
1170 2689 1350 2755 stipen-

289 2764 425 2816 dium.
492 2767 599 2817 Res
624 2764 832 2831 quidem
860 2765 1042 2817 eodem
1077 2766 1238 2832 redit,
1257 2767 1350 2817 sed

291 2843 559 2896 videbatur
603 2844 1061 2908 repraesentandus
1099 2845 1350 2895 librorum

291 2935 575 2972 consensus.
627 2922 780 2972 Grai.
860 2921 1182 2973 Rotundiora
1236 2924 1350 2974 lioec

292 3007 458 3050 essent
480 3007 536 3051 et
570 3000 811 3065 planiora
844 3000 888 3050 si
925 3000 1187 3053 deleretur
1218 3002 1349 3053 Diis.

294 3076 444 3128 Forte
465 3079 579 3129 haec
601 3092 708 3128 vox
747 3078 957 3144 irrepsit
987 3093 1052 3129 ex
1089 3080 1349 3146 interpre-

293 3154 477 3204 tatione
498 3154 762 3220 magistri,
785 3155 874 3220 qui
898 3155 1244 3222 adscripscrat
1262 3173 1348 3208 vo·

292 3229 336 3280 ci
355 3230 748 3282 mndlitonibas
765 3230 825 3280 τὸ
846 3232 977 3296 Diis,
997 3239 1056 3283 ut
1079 3234 1348 3299 tyronibus

292 3309 598 3371 ostenderet,
636 3309 845 3374 quinam
868 3306 1091 3359 fuissent
1111 3310 1186 3361 illi
1209 3325 1346 3362 com-

290 3384 563 3450 militones,
586 3386 773 3450 quibus
796 3386 894 3437 hoc
923 3386 1236 3452 stipendium
1261 3388 1349 3438 de-

292 3458 380 3510 dit.
410 3461 513 3514 Sed
534 3462 780 3528 qnoniam
805 3468 1010 3513 veteres
1029 3463 1151 3515 libri
1170 3479 1346 3516 omnes

293 3537 510 3590 retinent
558 3539 698 3604 Diis,
743 3537 1076 3591 distinctione
1131 3547 1188 3591 et
1242 3541 1347 3591 levi

294 3617 685 3682 transpositione
735 3632 1002 3683 possemus
1054 3617 1175 3670 huic
1227 3620 1346 3671 loco

294 3693 497 3757 mederi,
518 3694 832 3751 scribentes,
865 3699 913 3744 et
947 3695 1178 3759 reddidit,
1205 3698 1346 3760 plane

294 3770 421 3830 quasi
448 3769 859 3834 cmusilitoaibas,
890 3770 1180 3834 stipendium
1210 3772 1344 3824 Dite.

297 3844 461 3897 om.
527 3848 793 3912 Sequutus
826 3861 937 3896 sum
974 3848 1207 3899 ordinem
1231 3863 1345 3900 ver-

296 3919 481 3987 borum,
502 3924 591 3988 qui
613 3929 698 3972 est
720 3922 966 3987 inRyck.
999 3925 1161 3989 Regg.
1184 3925 1345 3990 Magi.

297 3997 461 4049 Berol.
495 3997 682 4049 Duisb.
713 4004 769 4047 et
796 4013 843 4047 v.
865 4013 913 4049 e.
955 4000 1183 4051 Freinsh.
1220 4016 1342 4066 quo-

298 4088 391 4139 quc
423 4084 478 4125 et
513 4074 728 4127 Graevio
766 4073 1055 4138 probatum.
1112 4077 1343 4129 Reddidit

298 4150 453 4214 Ryek.
483 4161 538 4203 ct
569 4153 642 4203 al.
685 4150 822 4203 Edd.
856 4151 967 4202 sine
1007 4151 1342 4206 distinctione

297 4228 605 4294 conjungunt
641 4242 761 4281 cum
792 4242 936 4295 seqq.
975 4229 1165 4280 Duisb.
1199 4238 1255 4282 et
1282 4232 1342 4283 V.

300 4302 391 4355 Ed.
422 4313 540 4371 post
579 4320 698 4358 eam
739 4319 915 4359 vocem
956 4306 1341 4360 distinctionem

2364 374 2495 441 503

1434 530 1646 595 habent,
1680 547 1777 583 nec
1818 534 1973 583 male.
2041 533 2220 584 Paean·
2241 534 2494 586 victoriam

1435 610 1607 673 tei-spic
1638 610 1854 673 promisit
1893 614 1940 660 et
1973 610 2184 660 reddidit¹
2216 606 2353 673 Diis',
2394 619 2493 673 est,

1435 685 1718 739 vovitDiis
1739 688 2007 751 templum,
2026 688 2068 736 si
2103 687 2369 741 victoriam
2394 689 2491 738 sibi

1433 763 1637 827 darent,
1688 778 1749 813 ac
1791 763 1981 814 deinde
2033 764 2249 815 victoria
2294 766 2492 828 potitus

1431 846 1605 890 votum
1628 840 1876 904 reddidit,
1895 842 2245 907 templumque
2268 843 2330 892 iis
2351 840 2492 893 fecit.

1431 918 1723 969 Promittere
1754 924 1811 968 et
1839 919 2033 968 reddere
2063 925 2184 969 sunt
2216 917 2374 969 verba
2409 934 2493 969 vo·

1430 1000 1618 1044 torum.
1686 995 1857 1046 Catul.
1891 994 2064 1045 Carm.
2112 1007 2239 1046 nxv.
2262 1009 2339 1044 vs.
2378 999 2491 1046 103.

1433 1072 1449 1099 ⁸
1468 1073 1781 1123 Munuscula
1800 1072 1934 1122 divis
1964 1071 2304 1135 Promittens,
2326 1073 2489 1122 tacito

1427 1149 1698 1213 suspendit
1740 1159 1874 1205 vota,
1897 1148 2124 1213 labello,’
2173 1145 2242 1200 et'
2265 1162 2488 1199 xxxvn.

1429 1226 1445 1254 ‘
1470 1224 1763 1291 Acceptum
1809 1224 1926 1278 face
1986 1225 2351 1291 redditumque
2402 1240 2490 1276 vo·

1432 1301 1573 1354 tum?
1649 1303 1771 1355 vid.
1816 1304 1957 1354 Stat.
1997 1302 2062 1354 ad
2108 1304 2280 1355 Catnl.
2325 1304 2489 1354 Briss.

1431 1379 1602 1431 Form.
1633 1393 1686 1443 p.
1711 1383 1822 1430 1⁰8.
1858 1386 1913 1429 et
1949 1380 2177 1430 Broekh.
2213 1380 2279 1430 ad
2312 1381 2488 1431 Tibul.

1430 1468 1521 1505 ιιι.
1541 1462 1592 1521 6,
1616 1460 1695 1507 88.
1740 1457 1810 1506 Et
1827 1457 2004 1521 pacisci
2026 1456 2093 1507 de
2115 1458 2297 1508 eadem
2319 1471 2376 1508 re
2401 1472 2485 1522 ap.

1430 1532 1621 1583 Horat.
1657 1533 1831 1584 Carm.
1867 1547 1953 1585 ιιι.
1972 1538 2057 1584 29.
2081 1538 2163 1584 69.
2183 1536 2198 1562 ‘
2223 1535 2373 1584 Votis
2397 1549 2488 1598 pa-

1431 1609 1576 1673 cisci,
1619 1611 1703 1660 Ne
1748 1611 1959 1674 cypriae
1999 1611 2246 1674 'l'yriaeve
2290 1602 2489 1661 merces

1428 1683 1644 1736 Addant
1675 1700 1832 1736 avaro
1861 1687 2067 1737 divitias
2097 1687 2257 1738 mari!
2313 1688 2489 1739 Livius

1428 1776 1493 1812 ιι.
1515 1767 1598 1815 20.
1619 1770 1674 1814 et
1697 1768 1779 1815 42.
1813 1764 1901 1815 uni
1937 1763 2142 1831 Castori
2167 1779 2197 1813 a
2216 1763 2486 1814 Postumio

1429 1839 1594 1890 aedem
1628 1847 1804 1891 votam
1822 1840 2024 1891 scribit.
2057 1840 2159 1890 Sed
2185 1839 2255 1889 ibi
2281 1840 2484 1890 nomine

1427 1917 1658 1966 Castoris
1678 1917 1836 1968 etiam
1868 1916 2058 1966 Pollux
2080 1916 2394 1979 continetur,
2426 1925 2486 1967 ut

1427 1999 1650 2056 apparet
1681 2006 1712 2042 e
1751 1992 1974 2057 Dionys.
2014 2007 2092 2043 vn.
2134 1997 2216 2043 13.
2256 2000 2310 2042 et
2353 1993 2483 2042 Aur.

1425 2070 1543 2120 Vic.
1562 2084 1608 2121 c.
1632 2082 1747 2122 xvi.
1769 2069 1893 2119 Vid.
1916 2068 2156 2134 Interpp.
2176 2067 2406 2119 Suetonii
2419 2070 2484 2117 ad

1426 2145 1563 2197 Caes.
1586 2161 1634 2198 c.
1659 2160 1713 2198 x·

1491 2226 1537 2288 ς.
1554 2230 1584 2274 6
1619 2225 1745 2275 Μαι·
1764 2226 2035 2291 definibas]
2055 2223 2294 2276 Alterum
2329 2238 2484 2274 mem-

1425 2301 1575 2352 brum
1593 2302 1856 2353 divisionis
1878 2303 2171 2368 propositae,
2191 2305 2295 2352 1.9.
2310 2306 2360 2351 6.
2399 2302 2484 2350 Fr.

1430 2398 1441 2405 ·
1492 2370 2000 2445 &nointel-missione]
2037 2380 2194 2431 Grut.
2214 2380 2361 2445 legit,
2382 2381 2486 2430 siae

1424 2457 1675 2515 missione:
1694 2457 1828 2523 quod
1852 2465 1935 2508 est
1955 2456 2112 2519 infra,
2128 2462 2175 2508 3.
2196 2462 2276 2508 20.
2295 2461 2374 2508 14.
2408 2459 2488 2507 Id.

1490 2536 1537 2598 ς.
1555 2539 1589 2585 6
1620 2533 1764 2600 Sora]
1802 2535 1989 2598 Soram,
2011 2534 2316 2585 Volscorum
2338 2536 2485 2598 oppi-

1426 2610 1568 2672 dum,
1588 2611 1641 2661 in
1662 2611 1945 2676 Campania
1965 2609 2123 2660 fuisse
2146 2610 2371 2672 invenio,
2394 2609 2485 2659 dc-

1423 2685 1612 2736 fecissc
1644 2686 1710 2736 ad
1730 2687 1989 2737 Samnites
2020 2686 2160 2737 bello
2181 2685 2486 2747 Samnitico,

1423 2762 1719 2813 interfectis
1753 2763 1996 2812 Romanis
2012 2764 2226 2825 colonis,
2251 2761 2311 2811 A.
2334 2762 2400 2810 U.
2424 2762 2484 2812 C.

1423 2843 1537 2890 438.
1591 2854 1827 2905 eamque,
1870 2840 1936 2889 ob
1990 2840 2139 2888 situm
2185 2846 2484 2902 expugnatu

1423 2913 1705 2978 difficilem,
1740 2916 1920 2967 Sorani
1965 2912 2251 2979 transfugae
2294 2916 2486 2967 indicio

1424 3000 1664 3059 captam:
1699 2995 2009 3045 Colonorum
2047 2994 2204 3044 cedis
2244 3009 2304 3044 ac
2338 2994 2483 3044 dedi-

1423 3071 1579 3121 tionis
1607 3080 1846 3122 auctores
1862 3077 1975 3123 235.
2008 3072 2185 3121 Romae
2210 3071 2368 3136 virgis
2385 3087 2484 3121 οω-

1421 3161 1506 3198 sos
1528 3163 1590 3198 ac
1607 3149 1774 3199 securi
1799 3162 2084 3214 percussos.
2118 3147 2258 3198 Stad.
2300 3163 2366 3197 ex
2403 3150 2485 3198 Li-

1423 3224 1528 3287 vio,
1546 3228 1597 3274 9.
1625 3228 1708 3275 23.
1744 3233 1800 3277 et
1836 3225 2100 3288 deinceps.
2139 3226 2223 3274 Fr.
2295 3226 2397 3275 Ora
2431 3228 2482 3275 in

1422 3299 1677 3365 plerisque
1706 3307 1838 3351 vett.
1863 3315 1978 3350 esse
2001 3301 2053 3350 in
2077 3302 2358 3364 exemplari
2388 3317 2481 3351 suo

1422 3377 1711 3440 scripserat
1730 3377 2024 3428 Salmasius.

1485 3454 1739 3519 Algidum]
1809 3456 1873 3507 In
1938 3455 2215 3509 Jordaneis
2274 3457 2476 3507 Alsium.

1418 3532 1727 3597 Ptolemae,
1769 3531 1875 3583 νέον
1914 3530 2135 3598 κάπρον,
2179 3532 2360 3597 πύργον
2398 3534 2485 3583 ἄλ·

1419 3625 1539 3661 mor.
1581 3610 1849 3674 Stephano
1883 3610 2125 3672 Ἀλγιδος,
2162 3611 2298 3676 quod
2339 3612 2481 3675 Algi-

1418 3689 1547 3738 dm.
1613 3687 1716 3738 Sed
1747 3686 1885 3737 aliud
1907 3686 2109 3737 Alsium.
2142 3686 2247 3736 Sal.
2312 3686 2482 3751 Oppi-

1419 3763 1542 3814 dum·
1589 3770 1674 3814 est
1714 3761 2016 3828 AEquorum,
2076 3775 2176 3812 non
2226 3764 2408 3826 procui
2451 3779 2483 3812 a

1418 3840 1667 3903 Tusculo,
1716 3838 1768 3888 in
1814 3839 1920 3890 alto
1981 3845 2161 3889 monte
2200 3839 2371 3890 situm.
2425 3850 2479 3891 et

1417 3918 1434 3946 ⁸
1459 3933 1604 3969 mons
1643 3916 1898 3983 Algidus,'
1933 3917 2024 3983 qui
2054 3916 2215 3967 distat
2256 3916 2321 3966 ab
2353 3918 2479 3967 urbe

1418 4010 1467 4047 c.
1490 3994 1687 4058 stadiis,
1711 4001 1766 4045 et
1799 3996 1814 4022 ‘
1833 3993 1966 4044 silva
1981 3992 2204 4058 Algida,⁹
2241 3994 2294 4042 iu
2327 3994 2476 4057 cujus

1417 4074 1652 4138 ingressu
1696 4078 1779 4122 est
1823 4070 2056 4136 Regillus
2098 4071 2257 4120 lacus.
2324 4070 2479 4119 Circa

1416 4153 1554 4202 huuc
1575 4152 1745 4202 locum
1767 4149 2041 4201 Gracchus
2059 4147 2335 4212 AEquorum
2354 4146 2478 4208 dux,

1416 4229 1477 4279 1..
1500 4227 1789 4278 Minucium
1813 4227 1931 4277 Cos.
1968 4238 2085 4275 cum
2121 4223 2357 4272 exercitu
2385 4222 2474 4272 ob·-

1415 4305 1649 4369 sederat,
1672 4318 1774 4369 quo
1806 4303 1987 4356 nuntio
2025 4314 2141 4352 cum
2174 4300 2348 4351 Romae
2372 4306 2476 4350 tre·
