2950 4892
490 454 497 463 ⁸
582 389 648 440 1..
692 389 949 443 Anum
999 391 1219 443 nom
1267 391 1414 442 mn.
1460 392 1568 442 ιν.
1613 392 1776 444 οη.

177 537 415 590 meliores
449 536 538 589 alii
585 536 708 588 libri
748 536 1024 591 retineant.
1077 538 1227 592 Sala.

177 616 313 667 Nan.
356 615 580 678 Pogon-ia
615 615 978 679 deponentium.
1008 616 1156 667 Voss.
1178 620 1225 667 1.

175 691 368 753 Pion-ie
399 691 761 756 ὀφειικαωω.
828 692 977 743 Fran.
1018 692 1227 756 Pagos-ie

174 766 570 832 mrim.
604 774 843 832 apertum
873 775 954 820 est
984 768 1122 819 unde
1143 784 1227 820 or-

174 850 279 894 tam
301 844 370 894 sit
388 844 584 895 vitium.

233 921 564 986 Peasam‘m]
607 923 786 989 quue
802 923 984 989 magis,
1002 924 1063 988 si,
1087 924 1222 991 qnod

168 997 350 1051 scribit
390 999 675 1064 Eutropius
711 999 801 1051 lib.
823 1005 873 1052 7.
919 1000 1223 1054 interfectus

171 1083 251 1127 est
284 1076 300 1105 ‘
322 1090 389 1127 eo
427 1077 541 1143 ipso
578 1076 681 1139 die,
718 1094 818 1145 quo
853 1079 976 1130 olim
1000 1080 1221 1144 Orodes,

168 1152 446 1204 Persarum
480 1169 592 1218 rex,
627 1170 722 1221 per
750 1156 930 1207 ducem
972 1158 1220 1210 Surenam

168 1231 410 1282 Crassum
434 1232 734 1284 occiderat!
767 1234 987 1286 steina.

228 1308 370 1357 Cae.
412 1312 475 1358 10
527 1307 784 1362 Auctores
818 1311 1045 1363 historiae
1082 1320 1223 1378 sunt,

166 1384 310 1448 Epit.
336 1384 449 1435 Ην.
472 1390 583 1438 18⁰.
620 1386 763 1439 Plnt.
792 1387 1038 1453 Antonio,
1073 1405 1120 1442 c.
1139 1396 1221 1444 49.

166 1463 265 1510 dcc.
316 1458 457 1525 App.
498 1461 732 1513 Parthie.
760 1464 955 1529 Justin.
987 1470 1073 1528 42,
1103 1472 1218 1530 o,8.

168 1535 388 1600 Eutrop.
428 1541 478 1601 7,
511 1542 559 1589 1.
595 1539 749 1591 Oros.
783 1545 834 1604 6,
875 1547 953 1593 16.
985 1544 1219 1595 Frontin.

163 1615 213 1674 2,
235 1614 286 1675 s,
308 1616 392 1663 ιε.
413 1616 466 1674 2,
492 1618 641 1677 na.
675 1618 884 1669 cmm.

222 1690 270 1752 ς.
311 1693 338 1740 1
405 1689 592 1741 Vir-iun
633 1701 905 1746 mmmm
948 1697 1220 1749 ammenta

148 1762 400 1831 fecissent]
443 1765 550 1817 Alii
587 1767 823 1821 dicerent
856 1773 873 1801 ‘
897 1773 1080 1823 virium
1111 1790 1220 1825 mn·

161 1850 362 1893 tuarum
382 1842 697 1897 documenta
715 1847 980 1901 dedissent
999 1849 1032 1901 ε’
1078 1849 1217 1903 forte

159 1917 233 1968 sic
256 1919 445 1970 Florus
466 1921 691 1986 scripsit.
731 1924 894 1977 Groev.
959 1926 1060 1977 Or.
1083 1928 1217 1981 Met.

158 2007 198 2044 ι.
238 1998 356 2046 416.
390 1997 407 2024 ‘
433 1997 503 2047 Et
537 1991 848 2050 documenta
882 2001 1081 2067 damus,
1117 2019 1216 2070 qna

159 2073 315 2124 simus
354 2073 555 2139 origine
591 2077 741 2128 nati!
810 2080 919 2130 Ην.
956 2095 1090 2134 xxv.
1133 2088 1212 2135 18.

159 2161 343 2201 xxxu.
379 2155 433 2202 7.
469 2157 526 2201 et
560 2167 737 2205 omnes
759 2155 878 2217 alii;
912 2172 1015 2207 non
1037 2159 1215 2217 secere.

158 2226 294 2279 Quid
315 2228 360 2278 si
378 2234 556 2279 tamen
570 2229 752 2280 minori
772 2234 1054 2285 mutatione
1076 2236 1216 2301 lega·

157 2316 266 2352 mus
284 2301 542 2365 subeat?
589 2307 698 2357 Cic.
740 2323 832 2372 pro
869 2309 1043 2362 Rabir.
1064 2312 1212 2365 Post.

152 2394 209 2432 x.
266 2383 283 2411 ‘
325 2383 392 2434 P.
435 2383 678 2449 Rutilius,
720 2388 809 2452 qui
850 2388 1214 2442 documentum

157 2458 258 2509 fnit
278 2459 575 2527 hominibus
607 2464 797 2513 nostris
827 2466 1052 2532 virtutis,
1084 2468 1214 2519 antl-

154 2534 389 2600 quitatls‚
442 2536 754 2601 prudentiae.
775 2540 791 2565 ’
856 2543 1002 2595 Curt.
1054 2559 1108 2595 v.
1161 2549 1213 2595 8.

151 2611 166 2638 ⁸
191 2613 361 2665 Quam
400 2612 671 2664 versabilis
709 2614 918 2667 fortuna
948 2619 1037 2684 sit,
1057 2619 1215 2672 docu-

151 2697 381 2742 mentum
403 2690 519 2755 ipse
539 2692 687 2744 snm!
721 2694 833 2745 Liv.
856 2709 938 2747 rx.
960 2701 1042 2749 46.
1062 2700 1078 2727 ⁸
1097 2699 1215 2750 Nisi

151 2764 525 2818 documentum
546 2769 616 2820 sit
637 2769 884 2822 adversus
917 2774 1213 2838 superbiam

149 2841 442 2894 nobilitatis
496 2843 716 2908 plebeia
769 2847 1074 2901 libertatis)
1141 2854 1213 2904 Et

155 2931 272 2970 ιιι.
298 2924 383 2971 19.
419 2919 541 2972 Vid.
565 2921 725 2974 Gron.
747 2937 825 2974 nr.
850 2925 980 2977 Oba.
1004 2931 1056 2978 1.

211 2995 339 3046 Pari
368 3011 539 3048 rursus
575 3000 864 3065 reverentia]
895 3003 1048 3068 Supr.
1080 3007 1132 3069 4,
1163 3006 1214 3069 2,

147 3075 230 3122 20.
280 3073 510 3125 fret-au.
576 3075 744 3127 Recte
777 3077 1077 3142 Rupertus:
1136 3080 1214 3131 Ut

146 3154 335 3199 neuter
359 3151 584 3215 populus
617 3151 672 3202 in
704 3154 959 3216 superiori
998 3155 1214 3207 conditi·

147 3238 247 3277 one
286 3241 550 3294 causaque
585 3240 880 3294 poneretur.
947 3232 1051 3283 Sed
1094 3248 1211 3299 per-

148 3315 326 3366 peram
348 3302 535 3355 addit:
568 3304 721 3358 Quod
743 3306 796 3356 in
819 3306 1011 3358 foedere
1032 3308 1213 3374 fiebat,

146 3381 230 3431 cal
251 3382 365 3434 hec
387 3382 556 3434 verba
590 3393 739 3436 eraut
772 3387 1063 3453 adscripta:
1098 3390 1214 3439 Ma·

140 3457 394 3522 jestatem
421 3459 488 3510 P.
512 3458 582 3511 R.
603 3462 822 3511 comiter
853 3471 1210 3517 conservanto.

146 3534 281 3586 Nam
303 3534 498 3600 fedus,
517 3552 617 3601 quo
641 3538 867 3589 amicitia
887 3540 904 3569 ‘
931 3541 1042 3605 pari
1064 3556 1210 3592 reve-

145 3612 343 3663 rentia’
365 3613 682 3677 integratur,
703 3621 784 3665 est
805 3614 973 3665 foedos
991 3632 1211 3683 equum.

142 3686 248 3738 Sed
282 3689 339 3739 in
378 3703 487 3753 qno
520 3688 633 3739 haec
656 3689 875 3741 formula
907 3690 1135 3757 additur,
1156 3694 1209 3746 in

141 3777 205 3814 eo
224 3763 453 3816 inferior
476 3770 561 3815 est
593 3765 653 3828 is,
674 3766 761 3831 qni
799 3766 898 3817 hoc
932 3770 1209 3833 promittit.

143 3840 251 3892 Cic.
272 3856 373 3907 pro
398 3841 553 3894 Bau».
578 3855 692 3894 xvi.
731 3850 788 3894 et
821 3844 1072 3897 Proculus
1094 3847 1130 3898 l.
1154 3851 1205 3898 7.

141 3916 187 3979 §.
224 3921 270 3966 1.
303 3919 379 3968 D.
426 3917 494 3969 de
532 3918 686 3982 Capt.
727 3925 785 3970 et
820 3920 1057 3973 Postlim.
1097 3937 1204 3974 rev.

136 3992 266 4043 ,Vid.
285 3994 461 4044 Briss.
482 4006 560 4045 tv.
581 3994 753 4046 Form.
773 4009 826 4060 p.
849 3998 964 4047 861.
987 4005 1046 4050 et
1065 4012 1207 4065 seqq.

141 4066 207 4119 P.
240 4068 376 4120 Fal».
399 4083 442 4120 ι.
460 4069 708 4122 Somestr.
730 4075 780 4123 7.
801 4080 859 4122 et
892 4072 1107 4127 Salmas.
1139 4074 1205 4126 ad

140 4143 383 4197 sna-Ati.
409 4151 470 4196 et
492 4145 643 4197 Rom.
663 4160 715 4199 c.
734 4160 894 4201 xxvr.
956 4152 1204 4205 Queren-

138 4218 261 4275 dum
298 4227 482 4275 autem
515 4228 617 4289 est,
634 4238 737 4291 quo
774 4233 985 4279 anctore
1022 4229 1204 4281 Florus

1820 376 1926 443 10.
2180 381 2351 451 1051

1301 539 1447 591 dicat
1483 538 1550 591 ab
1585 539 1699 604 lpso
1729 538 1958 591 Antonio
1989 552 2163 593 rursus
2182 540 2353 595 foecrn·

1302 631 1417 668 cum
1464 616 1675 667 Parthis
1717 615 1913 668 factum
1954 632 2100 669 esse:
2149 619 2217 670 de
2254 634 2353 686 qno

1300 693 1428 744 nihil
1466 708 1551 759 ap.
1588 694 1716 745 alios
1754 694 1973 746 invenio.
2051 696 2155 747 Dio
2193 704 2349 747 καὶ.

1299 775 1410 823 416.
1448 778 1506 822 et
1543 771 1687 822 Plut.
1722 771 1916 823 Anton.
1951 771 2206 835 scribunt,
2234 786 2352 824 enm

1299 848 1510 899 Parthis
1531 863 1713 914 pacem
1732 848 2001 911 obtulisse,
2017 850 2061 899 sl
2081 849 2229 915 signa
2251 849 2354 901 Ro·

1298 940 1450 976 mana
1468 933 1523 977 et
1545 927 1779 992 captivos
1795 925 1946 978 clade
1964 926 2137 978 Crassi
2166 934 2351 992 captos

1298 1002 1605 1053 redderent:
1639 1002 1732 1054 sed
1755 1002 1884 1054 hanc
1915 1008 2113 1054 tantum
2143 1003 2350 1054 simula-

1300 1079 1491 1129 tionem
1515 1078 1693 1145 fuisse,
1726 1086 1785 1131 nt
1819 1094 1907 1130 eos
1928 1094 2023 1144 spe
2044 1080 2189 1145 pacis
2211 1078 2351 1131 deci·

1298 1163 1467 1222 peret,
1491 1163 1547 1207 et
1569 1155 1844 1221 imparatos
1863 1154 2200 1221 opprimeret.

1361 1233 1637 1299 Integrnta]
1652 1234 1791 1284 Esta
1810 1247 1954 1284 v.e.=
1990 1232 2344 1296 alioe,iategra:

1295 1309 1551 1374 quomodo
1573 1316 1746 1360 tamen
1775 1310 1944 1359 nullus
1977 1308 2348 1360 Palatinorum.

1299 1384 1446 1436 (ἔπιε.
1513 1385 1715 1449 Integra
1751 1398 1997 1450 nusquam
2029 1391 2127 1450 est,
2160 1384 2263 1434 nisi
2291 1384 2348 1437 in

1294 1460 1529 1513 Plantin.
1563 1461 1746 1512 Stadii.

1356 1538 1396 1601 §.
1429 1542 1461 1588 2
1512 1537 1610 1588 Sed
1640 1538 1863 1588 immensa
1892 1537 2078 1588 conitar
2123 1534 2347 1600 hominis]

1302 1613 1503 1666 Vanitos
1542 1615 1742 1666 hominis
1788 1622 1960 1682 potest
2002 1628 2135 1678 esse,
2186 1627 2347 1664 vanus

1290 1692 1476 1754 bomo;
1511 1691 1829 1744 abstractum
1863 1707 1958 1757 pro
1993 1682 2257 1753 concreto,
2287 1696 2348 1741 ut

1291 1769 1491 1821 dicunt.
1554 1769 1659 1820 Sed
1714 1770 1951 1835 suspicor
2004 1769 2213 1820 Florum
2259 1766 2345 1818 hic

1291 1860 1495 1911 quoqne
1518 1860 1660 1897 more
1677 1861 1768 1897 suo
1785 1845 2164 1897 exclamatione
2182 1854 2347 1908 nsum,

1290 1928 1345 1972 et
1382 1922 1493 1973 haec
1537 1922 1616 1973 ita
1658 1921 2003 1987 concipienda
2046 1935 2196 1973 esse:
2250 1918 2347 1970 Sed

1285 1999 1546 2064 (imm
1565 2000 1752 2050 mites
1771 1997 2045 2062 hominisl)
2078 1999 2265 2048 dus-....

1363 2076 1653 2141 Titulos-m]
1716 2076 1875 2128 Tituli
1926 2075 2347 2127 adscribebantur

1287 2154 1492 2206 statuis.
1534 2154 1657 2207 Vid.
1695 2155 1796 2207 Or.
1827 2154 1993 2219 Epist.
2027 2158 2093 2217 2,·
2111 2156 2193 2203 68.
2255 2152 2344 2203 Sic

1285 2231 1464 2283 Livius
1485 2231 1674 2283 alicubi
1711 2246 1778 2282 ex
1815 2230 2068 2296 ejusmodi
2100 2229 2257 2280 titulo
2277 2227 2344 2279 de

1287 2307 1444 2359 rebus
1486 2309 1845 2359 nonnullorum
1885 2307 2138 2373 disputat.
2189 2305 2344 2359 ΑΜ.

1288 2383 1584 2434 Marcellin.
1621 2388 1738 2448 242,
1767 2388 1832 2447 2.ῃ
1850 2383 1976 2435 edit.
2000 2382 2343 2448 Lindenbrog.

1287 2460 1481 2511 Pulcre
1523 2467 1716 2512 contra
1750 2459 2035 2511 venitatem
2078 2457 2343 2508 titulorum

1286 2538 1335 2588 ΙΙ
1362 2539 1550 2590 Pastor
1575 2537 1723 2602 Fido,
1744 2543 1848 2589 act.
1883 2541 1935 2589 4.
1970 2536 2170 2587 Chorot
2222 2535 2346 2593 Qut

1284 2631 1399 2667 saon
1417 2616 1605 2678 fastoso
1640 2621 1691 2667 et
1722 2614 1881 2667 vano!
1927 2614 2051 2672 Qael
2077 2613 2346 2676 manoe-

1280 2698 1416 2756 gatto
1438 2694 1514 2744 Di
1532 2692 1769 2757 lasiaglte,
1800 2691 1855 2742 di
1888 2690 2036 2753 citou,
2057 2691 2115 2741 ed
2135 2690 2343 2753 ingenuo

1290 2770 1525 2821 Ck'hoaor
1542 2771 1624 2820 dal
1643 2771 1779 2834 volgo
1794 2769 1958 2820 inmo
1978 2767 2346 2831 Iademegte

1283 2864 1311 2899 e
1330 2851 1479 2900 detto.
1513 2849 1744 2901 Freinsh.

1348 2924 1498 2988 Legi]
1530 2925 1618 2975 Ita
1640 2924 1772 2975 Pall.
1795 2923 1872 2976 ita
1892 2938 1943 2975 v.
1976 2938 2024 2975 e.
2046 2930 2105 2976 et
2124 2935 2345 2990 sequen·

1283 3006 1381 3052 tes.
1425 3000 1625 3066 vineti,
1660 3000 1788 3051 labi.-
1832 2999 1970 3066 qnod
2006 3008 2063 3052 et
2100 3000 2168 3052 ad
2198 3015 2343 3053 oram

1286 3075 1572 3128 Camertisz
1607 3082 1878 3143 utrumqne
1898 3077 2065 3128 habeo
2086 3076 2344 3143 quomodo

1283 3152 1579 3218 defendam,
1600 3152 1958 3219 arrideretqno
1978 3152 2143 3217 magis
2162 3153 2277 3217 labi,
2295 3146 2342 3206 s'i

1282 3229 1540 3281 stabiliret
1561 3229 1614 3280 id
1637 3230 1822 3296 aliquis
1854 3230 2339 3296 manuscriptorum.

1287 3307 1436 3356 Grae.
1502 3306 1725 3357 Vinctus
1762 3306 1928 3357 edidit
1960 3306 2092 3367 labb·
2139 3306 2234 3357 sed
2272 3300 2342 3357 d'e

1281 3383 1537 3448 scriptura
1557 3378 1802 3434 librorum
1834 3398 2041 3435 suornm
2078 3384 2205 3435 nihil
2235 3398 2343 3435 mo·

1281 3460 1412 3511 nuit.
1476 3461 1550 3511 Et
1571 3459 1731 3511 credo
1770 3473 1888 3511 eum
1920 3474 2025 3511 non
2064 3466 2170 3510 tam
2206 3461 2342 3523 illos,

1280 3551 1432 3601 qnam
1453 3545 1689 3588 vetustas
1708 3536 1956 3604 quasdam
1990 3536 2124 3589 Edd.
2154 3551 2341 3602 sequn-

1281 3621 1424 3666 tnm:
1476 3628 1595 3665 nam
1618 3615 1672 3664 in
1693 3615 1816 3666 Bor.
1852 3621 1910 3665 et
1946 3613 2066 3666 Sab.
2108 3620 2189 3664 est
2225 3614 2341 3666 tabi.

1279 3690 1344 3740 In
1368 3706 1411 3743 s.
1431 3704 1481 3742 o·
1504 3697 1561 3741 et
1581 3691 1649 3741 al.
1671 3689 1792 3740 edd.
1826 3690 1943 3753 teet,
1966 3688 2103 3755 quod
2137 3703 2229 3739 cnr
2245 3690 2339 3739 mi·

1280 3781 1376 3817 nus
1400 3764 1654 3831 placuerit
1672 3764 1921 3829 Grutero,
1936 3778 2091 3830 quam
2107 3763 2220 3829 labi,
2234 3778 2338 3815 non

1278 3842 1532 3906 intelligo.

1342 3918 1474 3968 Beue
1506 3914 1783 3980 indictione]
1834 3914 2076 3980 Quidam,
2110 3918 2339 3969 condicti·

1276 4008 1394 4045 oae-
1442 3993 1553 4057 alii,
1579 3990 1867 4043 conditione.
1904 4005 2020 4057 qno
2057 3992 2335 4058 scripture

1277 4077 1397 4123 sunt
1434 4071 1571 4122 Pall.
1617 4068 1898 4120 Codicum.
1953 4069 2047 4120 sed
2079 4071 2337 4124 indictione

1276 4161 1456 4197 verum
1479 4152 1591 4197 est.
1626 4159 1744 4212 qno
1765 4150 1848 4196 est
1871 4145 1942 4196 N.
1963 4146 2137 4199 lectio.
2184 4148 2338 4203 Sala.

1276 4225 1564 4293 Indicam}
1595 4226 1679 4277 Sic
1703 4240 1753 4279 v.
1776 4240 1825 4278 e.
1847 4240 1996 4293 seqq.
2016 4241 2194 4281 omnes
2222 4232 2332 4283 αι’·
