2950 4892
438 331 570 401 468

443 498 517 549 H.
539 496 611 548 N.
634 508 734 546 vn.
756 500 808 547 ⁸.
838 496 1094 560 tergemini
1125 496 1366 549 dicuutur
1391 502 1500 548 tres

441 589 546 626 uuo
576 582 729 639 partu
752 572 923 624 editiz
957 578 974 605 ‘
995 574 1332 639 Tergemiuos
1362 572 1506 624 unci

443 660 645 703 certum
669 656 768 714 est,
789 650 1128 702 Horatiorum
1150 651 1506 702 Curatiorum·

440 744 544 795 que
583 728 883 793 exemploz’
914 734 971 779 et
1005 734 1189 779 contra
1224 727 1508 790 trigeminae

342 838 361 853 2
446 820 542 869 pro
577 804 773 870 triplici
818 820 904 870 ap.
949 805 1060 856 Ην.
1098 819 1171 855 vt.
1210 808 1262 854 7.
1300 805 1318 834 ‘
1343 802 1507 853 Modo

445 883 733 948 trigemino
757 881 992 932 victoriae
1028 880 1289 945 triplicem
1328 879 1509 931 trium-

446 962 604 1027 phum
622 960 838 1026 egistis)
873 960 975 1010 Sed
994 960 1105 1009 haec
1118 959 1239 1009 mihi
1260 963 1509 1022 suspecta

444 1047 581 1090 suut.
635 1038 770 1089 Natu
790 1043 846 1088 et
870 1035 1139 1098 Horatius,
1159 1034 1246 1101 qui
1268 1034 1320 1084 in
1338 1033 1511 1084 Fastis

450 1116 607 1179 Pigh.
626 1115 689 1164 ad
713 1113 780 1163 A.
811 1113 880 1163 U.
901 1116 1016 1163 800.
1049 1119 1104 1161 et
1136 1115 1249 1161 802.
1281 1111 1297 1138 ⁸
1319 1112 1510 1174 Terge-

446 1194 644 1244 miuus'
676 1199 912 1255 vocatur,
944 1192 998 1241 iu
1042 1190 1212 1241 Fastis
1249 1188 1509 1255 Anonym.

450 1269 741 1322 Norisianis
786 1269 803 1297 ⁸
842 1266 1207 1333 Trigeminus‚'
1253 1272 1308 1318 et
1349 1266 1511 1318 Diod.

448 1348 556 1399 Sic.
577 1346 669 1398 ub.
692 1359 796 1397 ιιι.
832 1360 882 1410 p.
915 1350 1031 1397 298.
1104 1344 1373 1410 τρι-γόμφος
1410 1351 1511 1394 est.

450 1427 524 1477 Et
544 1424 683 1491 quod
705 1425 756 1475 in
780 1424 925 1489 Epit.
950 1423 1064 1474 Ην.
1081 1435 1120 1473 ι.
1141 1422 1315 1474 editur
1340 1421 1515 1483 Terge-

449 1504 686 1553 ars'nortum
712 1516 894 1567 pagan,
926 1500 981 1551 id
1004 1501 1056 1551 in
1078 1500 1181 1551 Μ..
1205 1498 1381 1550 inveni
1403 1498 1515 1548 Tri·

446 1581 759 1644 gensi-orm.

521 1659 779 1723 Utriasque
801 1654 965 1721 popule
985 1653 1101 1714 fatu
1120 1652 1363 1703 commissu
1381 1650 1517 1716 sunt]

452 1733 775 1785 Nazarianus
797 1739 854 1781 et
886 1729 1133 1783 Jordanis
1155 1726 1376 1780 Codices
1399 1729 1519 1789 fitia

447 1808 679 1874 per-mim
717 1812 845 1858 mr.
928 1806 1089 1857 Haud
1128 1806 1282 1871 paulo
1311 1805 1520 1861 melius.

453 1885 564 1935 Sal.
619 1881 1395 1947 Jordaneifatopermirsasuatt
1418 1896 1518 1933 nec

455 1962 613 2013 aliter
631 1962 774 2012 Flori
794 1960 979 2026 scripti
999 1960 1238 2012 Codices.
1284 1960 1393 2012 Cur
1410 1975 1520 2010 ma·

455 2040 536 2105 gis
560 2038 815 2104 placuerit
835 2038 1079 2089 mnam
1100 2052 1253 2104 quarn
1287 2038 1520 2102 permissa

456 2117 577 2179 illis,
608 2117 697 2182 qui
720 2116 872 2180 primi
894 2117 991 2166 hoc
1014 2130 1110 2181 pro
1132 2116 1223 2167 illo
1244 2116 1524 2167 substitue·

454 2202 598 2255 runt,
630 2194 827 2243 nescio.
906 2193 1020 2243 Noa
1057 2194 1318 2258 antiquam
1356 2193 1523 2257 scrip·

457 2277 629 2322 turam
662 2269 1011 2335 reponendam
1040 2284 1333 2330 censemus,
1368 2284 1522 2336 quam

457 2362 560 2399 uon
605 2347 887 2413 antiquitas
922 2345 1077 2399 modo
1110 2347 1204 2398 sed
1240 2347 1401 2398 etiam
1430 2347 1524 2399 bo-

458 2426 594 2475 nitas
651 2430 848 2476 tuetur.
906 2425 983 2475 Id.
1037 2424 1092 2475 in
1127 2423 1373 2490 Append.
1436 2424 1526 2475 Ita

457 2502 575 2553 Pal.
594 2515 677 2567 pr.
702 2500 939 2564 Gruteri,
970 2507 1177 2552 veteres
1192 2501 1446 2566 salmasii,
1468 2508 1526 2552 et

457 2577 737 2630 dot-danes.
804 2577 1077 2628 Hactenus
1099 2576 1230 2628 editi
1264 2576 1527 2631 commissu.

460 2655 595 2707 Rem
615 2654 781 2720 ipsam
801 2653 941 2721 quod
965 2654 1179 2716 attinet,
1212 2653 1399 2704 similia
1434 2667 1525 2704 ex-

457 2733 633 2799 empla
690 2730 905 2797 collegit
954 2730 1260 2797 zwingerus
1312 2728 1527 2781 Theatri
1579 2738 1584 2747 ·

458 2811 661 2862 Hister.
696 2810 799 2861 vol.
824 2822 948 2861 vus.
988 2807 1080 2862 lib.
1114 2823 1192 2861 ιν.
1229 2822 1351 2875 pag.
1378 2812 1527 2860 211⁸.

460 2889 628 2941 Quale
650 2888 791 2951 apud
812 2886 1124 2936 Pausaniam
1162 2900 1373 2952 quoque
1402 2886 1529 2949 legi·

461 2971 549 3015 tur
583 2962 676 3013 lib.
708 2977 763 3014 v.
795 2963 849 3011 iu
886 2962 1105 3013 historia
1142 2961 1327 3025 Oxyli,
1372 2967 1431 3012 et
1474 2962 1529 3012 in

461 3040 553 3091 lib.
572 3052 660 3088 m.
694 3052 798 3089 rer.
824 3038 1016 3088 Vienn.
1046 3037 1187 3087 Iaazii
1208 3052 1326 3102 pag.
1341 3040 1424 3087 91.
1461 3034 1530 3087 de

463 3117 735 3169 Friderico
793 3115 867 3166 11.
917 3115 1066 3165 Duce
1125 3113 1375 3165 Austriae.
1443 3115 1531 3166 De

465 3194 658 3246 talibus
681 3192 804 3259 quid
827 3191 1054 3242 sentiant
1075 3190 1218 3255 JCti,
1249 3192 1366 3256 lege
1389 3191 1532 3255 apud

464 3268 673 3321 Perdin.
695 3268 1112 3335 Vasqu.0uaest.
1145 3266 1345 3318 Illustr.
1378 3266 1467 3318 lib.
1489 3281 1530 3319 1.

469 3362 589 3413 cap.
613 3352 697 3397 40.
764 3345 983 3411 Ayalam
1010 3344 1076 3395 de
1098 3344 1229 3397 Jure
1248 3350 1307 3395 et
1327 3342 1532 3415 Officiis

465 3425 681 3475 Bellicis
701 3425 792 3476 lib.
826 3438 867 3475 ι.
891 3440 1010 3491 cap.
1028 3430 1074 3476 8.
1112 3424 1199 3476 Fr.
1267 3421 1408 3473 Add.
1435 3422 1534 3473 Ca·

468 3500 614 3552 saub.
647 3499 714 3550 ad
749 3499 942 3550 Athen.
964 3513 1041 3549 tv.
1067 3503 1145 3551 18.
1211 3498 1333 3550 Non
1374 3498 1533 3550 video

467 3592 564 3629 cur
587 3570 692 3628 tam
708 3576 932 3642 ‘praecise
954 3574 1185 3626 damnari
1200 3575 1393 3627 debeat
1412 3589 1533 3625 cotn-

467 3657 628 3715 missa,
662 3655 801 3721 quod
838 3668 944 3704 non
980 3653 1148 3703 solum
1181 3659 1398 3703 tuentur
1417 3650 1534 3701 Pal.
1621 3660 1630 3665 ·

470 3738 518 3784 1.
544 3738 591 3784 2.
627 3733 780 3783 Fran.
813 3731 944 3782 Toll.
980 3729 1169 3781 Duisb.
1206 3736 1264 3780 et
1303 3743 1405 3783 om.
1449 3718 1538 3778 ed.

471 3812 564 3862 sed
589 3812 749 3862 etiam
772 3812 888 3876 ipse
910 3809 1096 3860 Florus
1109 3822 1187 3859 ιν.
1203 3812 1251 3858 2.
1272 3812 1355 3859 43.
1377 3809 1394 3838 ⁸
1414 3807 1536 3857 Phi-

469 3889 676 3953 lippicis
696 3888 897 3951 campis
921 3885 1100 3947 Urbis,
1130 3882 1352 3950 imperii,
1384 3896 1539 3948 geue·

471 3966 544 4017 ris
568 3967 775 4017 humaui
797 3964 911 4017 fata
939 3966 1206 4034 dommissa
1243 3962 1401 4015 sunt!
1465 3963 1539 4013 Et

474 4044 651 4099 Livius
674 4058 713 4096 1.
729 4048 811 4096 2⁷.
845 4046 860 4072 ⁸
884 4043 1039 4095 Quod
1064 4041 1249 4109 ,tribus
1286 4039 1539 4091 militibus

471 4121 683 4172 fortuna
700 4119 907 4186 publica
924 4120 1194 4170 commissa
1210 4115 1406 4167 merit!
1436 4115 1539 4165 Sed

476 4206 649 4248 tamen
686 4204 893 4248 secutus
918 4209 1030 4247 sum
1052 4194 1461 4246 Freinshemium
1486 4198 1541 4243 et

476 4273 770 4326 Graevium:
842 4270 961 4325 uam
1026 4272 1076 4325 N
1084 4287 1157 4324 az.
1233 4270 1542 4336 scripturam

1146 346 1360 395 No'rAE
1412 341 1816 393 VAR¹⁰BUM
1867 341 1945 390 nt

1577 492 1735 543 etiam
1760 490 1928 555 ηερε.
1950 492 2009 539 et
2031 486 2184 538 Voss.
2205 482 2532 537 confirmant.
2577 480 2639 534 la

1577 569 1743 634 Ryck.
1762 579 1845 623 est
1862 567 1921 639 ,β
1941 566 2186 617 mina
2199 570 2330 617 aaut.
2364 564 2485 615 Hoc
2505 561 2644 613 vide·

1578 662 1666 707 tur
1687 658 1954 724 pertinere
1980 656 2045 707 ad
2066 655 2499 708 consuetudinem
2520 654 2642 704 acri-

1578 734 1760 786 barum
1796 733 2081 786 adnotandi
2114 733 2314 783 variam
2347 730 2644 790 lectionem,

1579 811 1647 861 de
1669 826 1773 877 qua
1794 812 2012 862 Salmas.
2038 811 2104 861 ad
2136 824 2189 861 n.
2221 813 2271 859 8.
2303 807 2413 872 huj.
2448 821 2568 872 cap.
2589 811 2645 855 et

1580 886 1698 939 int'r.
1723 888 1787 937 ad
1807 903 1854 939 c.
1876 892 1956 939 ts.
1989 889 2161 953 princ.

1647 966 1691 1031 ς.
1717 972 1746 1016 6
1782 966 1866 1016 Sic
1884 965 2119 1031 (rarum)
2143 962 2286 1015 unciae
2325 975 2470 1013 muna
2503 964 2648 1025 puna

1582 1042 1806 1109 vicima]
1838 1044 1926 1095 Ita
1948 1044 2002 1094 iu
2029 1042 2379 1094 vetustissima
2417 1039 2646 1090 editione

1583 1119 1706 1185 legi,
1751 1119 2171 1185 praestantissimi
2221 1119 2323 1167 viri
2365 1121 2648 1176 testantur,

1584 1197 1683 1247 nisi
1717 1197 1853 1263 quod
1890 1212 2052 1248 venna
2088 1208 2206 1246 eam
2241 1193 2435 1245 habere
2472 1191 2650 1242 dicant

1587 1288 1683 1340 pro
1704 1287 1886 1324 mrum.
1939 1272 2138 1337 scripti
2159 1271 2277 1322 libri
2301 1284 2419 1320 cum
2438 1266 2650 1333 reliquis

1586 1350 1905 1402 editionibus
1925 1364 2089 1400 raram
2109 1348 2231 1398 alius
2248 1349 2388 1397 decas
2402 1361 2420 1397 ε
2451 1359 2551 1395 nec
2573 1351 2650 1394 te·

1585 1442 1730 1479 mere
1772 1428 1933 1477 ullum
1966 1425 2189 1475 vidimus
2225 1422 2480 1487 scriptum
2517 1416 2652 1471 codlss

1588 1520 1723 1568 cem,
1755 1503 1858 1554 nisi
1895 1503 1951 1554 in
1988 1502 2082 1553 hac
2115 1500 2345 1552 lectione
2380 1495 2654 1550 retinenda

1590 1581 2024 1634 consentientem.
2063 1578 2347 1629 Vetustiss.
2367 1576 2526 1626 etiam
2542 1575 2654 1627 Jor-

1590 1660 1765 1721 danei‚
1781 1658 1866 1709 Sic
1883 1672 2048 1707 ruram
2065 1656 2190 1706 alius
2208 1653 2365 1706 decus.
2399 1652 2544 1703 Alias
2561 1665 2654 1716 pro

1590 1737 1737 1789 alias:
1771 1736 1824 1786 in
1862 1736 1962 1785 hoc
1998 1739 2213 1784 auctore
2254 1732 2328 1782 lta
2365 1727 2655 1780 emendari-

1591 1826 1705 1863 mus
1727 1812 1884 1877 paulo
1911 1808 2067 1873 infra,
2097 1808 2186 1859 lib.
2211 1820 2275 1858 n.
2310 1820 2429 1857 nam
2452 1806 2505 1855 in
2529 1806 2657 1856 Lou-

1593 1887 1871 1954 gobardico
1914 1893 2186 1937 caractere
2221 1899 2254 1935 u
2286 1888 2342 1934 et
2374 1898 2407 1932 a
2442 1879 2658 1932 confun-

1593 1966 1803 2017 duntur.
1885 1964 2120 2014 Vidimus
2163 1961 2252 2027 qui
2294 1962 2530 2025 legeret:
2575 1955 2658 2007 Sic

1596 2040 1969 2105 (mamutius)
2002 2042 2062 2091 de
2096 2038 2494 2090 emeritam
2517 2042 2658 2101 parea

1593 2120 1796 2172 uictoria
1816 2124 1917 2171 est.-
1951 2116 2177 2168 absurde
2211 2122 2266 2166 et
2297 2115 2497 2179 inepte.
2566 2114 2659 2164 Le·

1597 2198 1850 2263 gendum:
1885 2193 1971 2245 Sic
2000 2208 2165 2243 mrum
2196 2193 2317 2243 alias
2345 2193 2503 2251 decus,
2524 2190 2662 2239 anias

1596 2288 1739 2324 mana
1758 2277 1901 2336 portu
1923 2270 2126 2321 victoria
2146 2274 2237 2321 est.
2273 2268 2376 2319 Sal.
2419 2267 2531 2318 ’Sic
2549 2267 2662 2330 (ru-

1596 2366 1705 2401 rum
1725 2351 1846 2400 elius
1865 2349 2040 2412 decus)
2069 2346 2231 2411 antas]
2264 2346 2353 2396 lta
2386 2344 2520 2395 Pan.
2558 2342 2663 2392 edi-

1599 2429 1873 2493 tionesque
1916 2428 2199 2492 pleraeque.
2253 2424 2403 2474 ΟΜ.
2471 2423 2664 2474 Grute-

1600 2520 1706 2568 rus,
1739 2519 1896 2571 quern
1915 2504 2004 2554 bic
2022 2502 2263 2567 designat
2283 2498 2584 2559 Salmasius,
2611 2497 2664 2546 in

1600 2584 1745 2635 Edit.
1770 2582 1832 2634 Α.
1857 2588 2002 2633 1609.
2035 2581 2220 2632 scribit
2257 2581 2312 2630 in
2349 2579 2415 2627 V.
2449 2578 2512 2628 E.
2552 2588 2664 2627 esse

1599 2661 1669 2711 sic
1688 2660 1916 2725 (rerum)
1934 2660 2233 2709 aniasmmru
2249 2670 2300 2721 p.
2317 2671 2364 2705 ο.
2388 2669 2428 2704 e.
2467 2654 2664 2712 Recte3

1600 2738 1700 2789 nisi
1723 2735 1863 2803 quod
1899 2750 2059 2787 rerum
2092 2734 2237 2785 uncis
2273 2732 2531 2781 inclusum
2568 2740 2666 2779 nou

1603 2822 1701 2866 est.
1767 2814 1952 2864 Raram
1989 2810 2063 2864 sic
2095 2811 2235 2876 apud
2264 2810 2397 2860 Tac.
2432 2806 2498 2859 A.
2523 2820 2564 2857 ι.
2586 2810 2668 2879 60.

1603 2894 1622 2922 ‘
1647 2892 1783 2943 Nam
1804 2890 2004 2958 (rarum
2038 2889 2113 2939 illi
2148 2885 2306 2953 coelo)
2340 2886 2578 2936 siccitate
2615 2888 2672 2932 et

1607 2968 1846 3019 amnibus
1864 2967 2083 3018 modicis
2106 2965 2411 3016 inoffensum
2434 2963 2540 3013 iter
2555 2976 2670 3026 pro·
2765 2954 2784 2964 ‘

1606 3040 1926 3117 peraverat!
1993 3044 2082 3107 Et,
2098 3044 2114 3071 ⁸
2137 3043 2334 3093 Rarum
2357 3041 2518 3090 etiam
2537 3040 2671 3111 inter

1606 3125 1817 3186 hostes,’
1837 3121 1962 3174 ibid.
1987 3135 2104 3185 cap.
2124 3126 2204 3171 89.

1613 3212 1618 3217 *
1678 3201 1824 3251 Circa
1845 3198 1918 3262 se]
1953 3199 2068 3250 Liv.
2107 3212 2147 3249 1.
2188 3202 2270 3248 26.
2305 3197 2412 3247 ita:
2445 3196 2464 3225 ⁸
2487 3193 2674 3259 Cogni-

1609 3272 1952 3345 toque'super
1971 3278 2210 3326 humeros
2242 3272 2421 3324 fratris
2459 3270 2671 3337 paluda-

1607 3364 1786 3407 mento
1807 3354 2004 3422 sponsi,
2031 3353 2170 3420 quod
2203 3353 2318 3418 ipsa
2339 3347 2677 3402 confecerat!

1607 3435 1696 3486 De
1739 3434 1839 3484 hoc
1881 3445 2024 3483 more
2067 3427 2467 3482 circumferendi
2508 3427 2676 3493 spolia

1608 3510 1718 3561 vid.
1760 3509 2002 3560 Perizou.
2059 3507 2334 3558 Animadv.
2374 3505 2518 3556 Hist.
2550 3519 2675 3569 pap.

1609 3601 1712 3639 vn.
1746 3600 1866 3650 pag.
1889 3586 2006 3635 23⁷.
2136 3574 2148 3581 ’
2671 3568 2678 3581 ’

1682 3664 1905 3714 Citavere
1941 3663 2071 3724 leges
2106 3660 2263 3726 nesus]
2293 3656 2424 3712 Quis
2468 3656 2538 3707 de
2579 3658 2676 3707 hac

1611 3738 1839 3792 lectione
1863 3738 2107 3789 dubitet?
2141 3752 2235 3802 pro
2259 3751 2325 3786 ea
2347 3744 2520 3786 tamen
2561 3726 2680 3798 por-³

1614 3816 1816 3867 tentum
1834 3821 1918 3866 est
1936 3815 1987 3864 in
2002 3813 2224 3864 vetustis
2238 3813 2272 3865 J
2277 3811 2486 3862 ordanis
2506 3809 2676 3860 libris:

1612 3897 1742 3946 uuus
1763 3899 1833 3946 est
1854 3893 1991 3955 ferro
2013 3894 2132 3958 quod
2163 3893 2360 3942 auderet
2381 3891 2509 3952 leges
2528 3886 2680 3949 nesus.

1615 3972 1917 4023 Exerceant
1936 3984 2012 4033 se,
2050 3967 2234 4034 quibus
2257 3966 2419 4018 otium
2443 3964 2590 4017 suum
2626 3962 2678 4014 id

1616 4046 1793 4115 potest
1839 4046 2147 4099 concedere.
2230 4044 2401 4097 Nobis
2443 4051 2506 4095 ut
2547 4044 2682 4094 male

1615 4126 1798 4177 otiosis
1835 4140 1948 4176 esse
1986 4138 2090 4174 non
2127 4123 2271 4186 licet,
2302 4122 2380 4172 ita
2409 4122 2509 4171 nec
2531 4134 2681 4171 occu·

1618 4196 1856 4268 pationes
1877 4208 2082 4252 nostras
2103 4201 2237 4250 male
2262 4199 2542 4250 collocare.
2579 4196 2679 4247 Sal.

1618 4278 1831 4335 Quanto
1856 4276 2138 4343 simplicius
2162 4276 2213 4327 in
2234 4277 2333 4327 hac
2357 4289 2411 4325 re
2444 4270 2620 4327 Livius
2644 4264 2687 4322 ι’.
