2950 4892
935 414 998 461 ι..
1049 411 1306 467 summ
1359 412 1604 463 emar.
2217 401 2390 471 1135

190 567 411 631 calamo
447 566 702 647 scriptos
730 565 995 628 codices.
1081 566 1218 627 Hoc
1264 577 1491 627 certum
1536 576 1647 639 cst,
1692 585 1798 626 eos
1848 575 2078 628 tantum
2115 567 2191 628 ad
2240 586 2385 631 con·

190 666 505 729 stituendas
551 666 757 726 breves
787 664 1045 727 historias
1086 663 1245 727 Flori
1288 663 1607 744 particulas
1647 684 1776 725 esse
1820 663 1899 724 ab
1946 663 2198 727 dominis
2224 667 2389 729 adlui-

191 763 360 827 bicos.

268 864 314 922 E
352 863 555 924 Gallia
610 863 790 944 igitur
816 870 1182 923 transeamus
1230 862 1290 921 in
1337 860 1485 922 fines
1530 860 1735 940 Belgii,
1780 860 1952 940 cujus
1999 861 2388 925 bibliothecas

186 960 428 1020 maxime
456 982 560 1022 sex
586 960 902 1023 codicibus
928 960 1181 1040 cognovi
1214 960 1532 1039 plurimum
1561 958 1855 1047 profuisse
1883 960 2071 1021 Floro.
2154 953 2386 1022 Primus

186 1058 666 1120 membranaceus
696 1058 1043 1140 Ryckianus
1072 1057 1292 1117 dicitur
1336 1057 1415 1117 ab
1459 1056 1784 1117 Theodoro
1829 1056 2079 1136 Ryckio,
2120 1055 2386 1131 domino,

186 1155 289 1234 qui
312 1156 539 1236 copiam
570 1156 701 1235 ejus
739 1157 961 1218 fecerat
992 1156 1261 1218 Graevio.
1348 1156 1466 1226 Qui
1498 1175 1636 1215 cum
1668 1155 1866 1227 multa,
1894 1164 1959 1215 ut
2001 1153 2095 1228 fit,
2143 1166 2387 1235 pra-‚ter-

182 1253 358 1327 iisset,
378 1274 498 1314 non
525 1275 723 1334 pauca
770 1255 927 1315 male
956 1253 1292 1324 laudassem
1342 1253 1613 1313 Dukerus
1640 1252 1877 1332 putavit
1899 1273 1959 1313 se
1986 1263 2051 1314 et
2068 1252 2180 1333 ipsi
2209 1254 2383 1314 Floro

106 1372 115 1378 ·
178 1361 249 1412 et
269 1352 583 1414 lectoribus
611 1353 743 1432 ejus
771 1353 920 1412 hauc
948 1350 1374 1412 humanitatem
1403 1349 1644 1422 debere,
1678 1358 1743 1411 ut
1770 1349 1984 1409 librum
2033 1348 2195 1409 illum
2222 1354 2383 1431 Ryc-

181 1446 436 1521 kianum,
472 1451 595 1530 qui,
635 1449 868 1532 Ryckio
892 1447 1240 1521 mortuo‚ad
1253 1446 1628 1507 Pancratium
1647 1446 2002 1507 Masvicium
2021 1459 2388 1526 pervenerat,

180 1545 377 1608 denuo
397 1547 849 1629 diligentissime
867 1557 1060 1607 totum
1079 1544 1376 1607 conferret
1395 1564 1530 1604 cum
1548 1543 1743 1604 editis.
1792 1534 1906 1604 'cni
1930 1543 2170 1625 quidem
2189 1545 2385 1609 officio

176 1664 316 1706 eum
344 1644 426 1705 ita
447 1644 797 1705 satisfecisse
812 1644 1009 1705 multis
1029 1628 1172 1703 niihi
1193 1641 1394 1703 videor
1411 1640 1642 1702 indiciis
1666 1642 1997 1703 certissimis
2012 1654 2388 1723 compertum

175 1742 417 1815 babere,
438 1752 505 1804 ut
519 1744 673 1805 Flori
688 1763 866 1804 causa
885 1742 1259 1803 vehementer
1277 1739 1587 1821 gaudeam,
1613 1740 1872 1819 reliquos
1894 1760 2132 1820 quoque
2148 1740 2388 1805 codices

178 1839 367 1922 Belgii
392 1840 673 1902 incidisse
696 1840 753 1901 in
773 1860 981 1901 manus
1011 1850 1132 1900 tam
1163 1840 1432 1901 liberales
1461 1849 1523 1901 et
1550 1838 1884 1921 diligentes,
1928 1838 2194 1921 Inspexit
2222 1840 2375 1901 enim

176 1937 336 2000 idem
364 1938 664 2010 Dukerus,
709 1940 1065 2021 auctoritate
1114 1956 1461 2017 magnorum
1489 1937 1783 2012 Virorum,
1817 1938 2095 2001 Everardi
2139 1939 2382 1999 Ottonis

172 2045 242 2097 et
287 2036 526 2097 Henrici
580 2037 952 2110 Brencmani,
1000 2035 1225 2118 primus
1266 2034 1535 2095 codicem
1586 2036 1743 2096 Flori
1780 2055 2120 2115 quanquam
2158 2036 2388 2098 charta-

171 2153 371 2206 ceum,
402 2146 598 2197 tamen
626 2135 854 2216 oppido
882 2136 1128 2207 bonum,
1157 2133 1259 2214 qui
1282 2134 1450 2195 estin
1474 2133 1838 2196 bibliotheca
1851 2134 2190 2197 Academiae
2216 2136 2390 2197 Duis·

179 2234 531 2314 burgensis:
577 2245 639 2296 et
659 2234 739 2294 ab
770 2233 1087 2294 Dominico
1118 2232 1389 2311 Balquio,
1434 2233 1468 2293 J
1477 2232 1871 2293 urisconsulto
1913 2233 2256 2303 clarissimo,
2285 2254 2388 2295 ac·

170 2333 341 2412 cepit
361 2333 760 2395 diversitatem
789 2332 1103 2412 scripturae
1123 2332 1257 2393 libri
1288 2330 1762 2409 Franequerani,¹
1807 2329 1910 2409 qui
1939 2331 1998 2389 in
2023 2330 2388 2392 bibliotheca

168 2431 525 2492 Academiae
572 2441 926 2492 asservatur.
1008 2433 1214 2509 Atque
1264 2427 1718 2507 Duisburgensis
1750 2426 1993 2508 quidem
2023 2427 2160 2489 libri
2187 2428 2390 2491 lectio·

168 2549 284 2591 nes
334 2529 417 2591 ita
452 2529 812 2591 conveniunt
839 2548 977 2589 cum
1007 2514 1365 2590 lectionibus
1396 2526 1783 2589 Berolinensis
1810 2536 1872 2588 et
1900 2526 2193 2599 Editiouis
2234 2530 2390 2608 prin-

165 2625 362 2708 cipis²
418 2640 602 2708 atque
631 2626 1002 2708 conspirant,
1034 2637 1099 2688 ut
1128 2640 1249 2689 tres
1280 2626 1365 2686 illi
1409 2625 1541 2685 libri
1582 2646 1655 2685 ex
1684 2608 2179 2705 uno'eodemque
2225 2626 2390 2688 fonte

163 2744 455 2788 manasse
482 2724 815 2787 videantur.
900 2725 1017 2785 Sed
1052 2745 1126 2785 eo
1166 2723 1390 2803 pejoris
1421 2733 1582 2784 notae
1609 2731 1747 2783 sunt
1785 2724 2022 2784 codices
2066 2722 2148 2784 illi
2177 2723 2386 2786 biblio-

160 2825 374 2885 tbecae
402 2822 718 2884 Leidensis
748 2832 885 2895 tres,
917 2822 1021 2901 qui
1051 2843 1085 2881 a
1127 2821 1392 2894 Dukero,
1440 2821 1718 2883 varietate
1765 2823 1916 2882 enim
1954 2821 2266 2903 scripturas
2292 2843 2391 2885 eo·

158 2942 329 2994 ruta,
384 2919 679 2982 beneficio
720 2919 1042 2983 Burmanni
1093 2918 1352 2997 majoris,
1404 2939 1545 2979 usus
1587 2929 1700 2991 est,
1767 2919 2038 2981 Vossiani
2085 2920 2386 2983 dicuntur.

155 3020 429 3092 Primus,
458 3018 625 3099 isque
654 3020 799 3080 satis
828 3018 1121 3097 antiquus,
1150 3018 1408 3096 scriptus
1429 3017 1600 3077 estin
1625 3017 1968 3079 membrana
1986 3018 2191 3080 sormae
2213 3031 2390 3081 ,octo-

156 3118 449 3200 pertitae:
517 3118 835 3188 secundus,
888 3117 1081 3197 primo
1127 3135 1246 3195 qua
1294 3115 1648 3177 membranae
1697 3114 1945 3195 figuram
1996 3117 2216 3191 similis,
2239 3119 2394 3197 *ejus

155 3224 422 3278 aetatem
452 3214 920 3295 haudquaquam
950 3214 1232 3293 attingit:
1279 3224 1639 3292 postremus,
1669 3225 1737 3276 ut
1763 3214 1994 3289 ordine,
2013 3217 2093 3277 ita
2123 3227 2181 3278 et
2210 3228 2389 3280 aetate

152 3323 223 3373 et
256 3311 559 3386 bonitate,
599 3312 817 3373 chartis
868 3320 1109 3373 constat
1137 3313 1407 3374 maximoe
1433 3312 1664 3374 formae.
1706 3314 1825 3375 Sed
1855 3315 2181 3376 Academia
2219 3317 2391 3378 Leid-

150 3410 358 3483 ensis,
404 3419 623 3488 praeter
651 3409 991 3481 Vossiauos,
1038 3409 1215 3469 etiam
1244 3409 1390 3469 alios
1419 3410 1684 3490 possidet
1710 3412 1867 3474 Flori
1891 3413 2149 3475 codices.
2230 3415 2386 3476 Nam

148 3507 632 3588 Audendorpius
660 3507 921 3588 quidem,
951 3507 1056 3568 Vir
1084 3528 1352 3569 summus
1379 3518 1441 3569 et
1468 3510 1543 3570 ad
1576 3511 1871 3572 ornandas
1897 3512 2095 3573 literas
2147 3513 2387 3573 Latinas

148 3619 371 3677 natus,
401 3605 684 3666 librorum
717 3604 1092 3667 Leidensium
1118 3617 1374 3686 quatuor
1403 3609 1778 3683 lectionibus,
1806 3620 2086 3690 tanquam
2126 3630 2389 3687 gemmu-

143 3701 252 3774 lis,
285 3700 574 3763 distinxit
609 3722 742 3763 suas
785 3702 863 3764 ad
894 3702 1229 3764 Lucanum³
1294 3704 1789 3785 Frontinumque⁴
1836 3716 1898 3766 et
1925 3707 2071 3769 alios
2087 3708 2388 3775 ,sermonis

147 3799 371 3861 Latini
392 3809 670 3861 auctores
702 3809 948 3874 veteres»,
969 3800 1539 3862 animadversiones:
1588 3803 1673 3862 uti
1702 3802 1969 3881 Pighiurn
1998 3822 2137 3863 cum
2163 3805 2222 3864 in
2264 3808 2385 3866 Λιι-

1184 4006 1231 4054 N
1236 4005 1390 4055 01*AE

217 4139 247 4183 1
294 4132 559 4182 Lectiones
600 4135 809 4199 proprias
842 4137 923 4185 hic
953 4138 1071 4185 liber
1100 4138 1245 4186 habet
1393 4142 1423 4187 8
1459 4137 1573 4188 Vid.
1596 4140 1657 4187 ad
1678 4139 1855 4187 Lucan.
1883 4156 1951 4188 ιν.
1977 4144 2087 4190 466.
2126 4156 2197 4188 rx.
2224 4145 2337 4191 232.

135 4216 249 4248 non
276 4214 485 4275 pancas.
519 4198 633 4247 vid.
657 4216 715 4248 11.
740 4207 788 4250 8.
808 4205 854 4250 2.
874 4218 933 4248 n.
960 4208 1035 4251 10.
1064 4208 1111 4252 2.
1135 4203 1224 4251 διο.
1390 4208 1419 4252 4
1456 4204 1571 4252 Vid.
1608 4205 1666 4251 ad
1709 4204 1917 4253 Frontin.
1953 4223 1999 4270 p.
2034 4211 2117 4255 21.
2146 4213 2250 4257 125.
2274 4212 2384 4256 202.

140 4335 193 4380 1.
211 4270 277 4379 ξ.
298 4265 423 4379 Ἓξ
442 4269 614 4379 ἰὲῑὲί
630 4270 891 4382 Ε..’ἶὲ.’ἑ’.·
914 4272 994 4381 325:
1019 4284 1134 4383 1¹33.
1158 4274 1247 4382 ὲὲῐ
1328 4273 1441 4320 ²⁴³·
1464 4273 1578 4321 ²⁸⁶·
1604 4273 1716 4319 ³¹⁰·
1741 4275 1851 4322 ⁸⁴¹⁶·
1874 4276 1988 4322 ³⁵⁹·
2013 4276 2126 4322 ³⁷⁰·
