<?xml version="1.0" encoding="UTF-8"?>
<!DOCTYPE html PUBLIC "-//W3C//DTD XHTML 1.0 Transitional//EN"
    "http://www.w3.org/TR/xhtml1/DTD/xhtml1-transitional.dtd">
<html xmlns="http://www.w3.org/1999/xhtml" xml:lang="en" lang="en">
 <head>
  <title>
</title>
<meta http-equiv="Content-Type" content="text/html;charset=utf-8" />
  <meta name='ocr-system' content='tesseract 3.04.00' />
  <meta name='ocr-capabilities' content='ocr_page ocr_carea ocr_par ocr_line ocrx_word'/>
</head>
<body>
  <div class='ocr_page' id='page_1' title='image "./lannaeifloriepi01unkngoog_0475.png"; bbox 0 0 2950 4892; ppageno 0'>
   <div class='ocr_carea' id='block_1_1' title="bbox 673 357 2049 425">
    <p class='ocr_par' dir='ltr' id='par_1_1' title="bbox 673 357 2049 425">
     <span class='ocr_line' id='line_1_1' title="bbox 673 357 2049 425; baseline 0.012 -17"><span class='ocrx_word' id='word_1_1' title='bbox 673 362 740 409; x_wconf 78' lang='grc' dir='ltr'><strong>ι..</strong></span> <span class='ocrx_word' id='word_1_2' title='bbox 791 360 1047 411; x_wconf 67' lang='lat' dir='ltr'><strong>Auum</strong></span> <span class='ocrx_word' id='word_1_3' title='bbox 1097 359 1318 412; x_wconf 69' lang='lat' dir='ltr'><strong>nom</strong></span> <span class='ocrx_word' id='word_1_4' title='bbox 1369 362 1517 414; x_wconf 74' lang='lat' dir='ltr'><strong>ma.</strong></span> <span class='ocrx_word' id='word_1_5' title='bbox 1567 367 1684 418; x_wconf 88' lang='grc' dir='ltr'><strong>ιιι.</strong></span> <span class='ocrx_word' id='word_1_6' title='bbox 1732 370 1895 422; x_wconf 69' lang='lat' dir='ltr'><strong>oar.</strong></span> <span class='ocrx_word' id='word_1_7' title='bbox 1941 357 2049 425; x_wconf 80' lang='lat'><strong>15.</strong></span> 
     </span>
    </p>
   </div>
   <div class='ocr_carea' id='block_1_2' title="bbox 247 504 1318 572">
    <p class='ocr_par' dir='ltr' id='par_1_2' title="bbox 247 504 1318 572">
     <span class='ocr_line' id='line_1_2' title="bbox 247 504 1318 572; baseline 0.004 -16"><span class='ocrx_word' id='word_1_8' title='bbox 247 504 446 571; x_wconf 74' lang='lat' dir='ltr'><strong>aliquid</strong></span> <span class='ocrx_word' id='word_1_9' title='bbox 470 519 538 557; x_wconf 77' lang='lat' dir='ltr'><strong>ex</strong></span> <span class='ocrx_word' id='word_1_10' title='bbox 561 504 728 572; x_wconf 84' lang='lat' dir='ltr'><strong>prima</strong></span> <span class='ocrx_word' id='word_1_11' title='bbox 748 505 900 572; x_wconf 62' lang='lat' dir='ltr'><strong>lege?</strong></span> <span class='ocrx_word' id='word_1_12' title='bbox 963 507 1098 559; x_wconf 62' lang='lat' dir='ltr'><strong>Huc</strong></span> <span class='ocrx_word' id='word_1_13' title='bbox 1117 521 1220 558; x_wconf 90' lang='lat' dir='ltr'><strong>non</strong></span> <span class='ocrx_word' id='word_1_14' title='bbox 1241 506 1318 560; x_wconf 79' lang='lat' dir='ltr'><strong>fa·</strong></span> 
     </span>
    </p>
   </div>
   <div class='ocr_carea' id='block_1_3' title="bbox 1396 364 2467 588">
    <p class='ocr_par' dir='ltr' id='par_1_3' title="bbox 1396 364 2467 588">
     <span class='ocr_line' id='line_1_3' title="bbox 2333 364 2466 432; baseline 0.015 -1"><span class='ocrx_word' id='word_1_15' title='bbox 2333 364 2466 432; x_wconf 75' lang='grc'><strong>898</strong></span> 
     </span>
     <span class='ocr_line' id='line_1_4' title="bbox 1396 509 2467 588; baseline 0.016 -28"><span class='ocrx_word' id='word_1_16' title='bbox 1396 509 1485 561; x_wconf 80' lang='lat' dir='ltr'><strong>alii</strong></span> <span class='ocrx_word' id='word_1_17' title='bbox 1502 511 1634 565; x_wconf 76' lang='lat' dir='ltr'><strong>Mas.</strong></span> <span class='ocrx_word' id='word_1_18' title='bbox 1649 513 1844 568; x_wconf 85' lang='lat' dir='ltr'><strong>habent</strong></span> <span class='ocrx_word' id='word_1_19' title='bbox 1856 517 2105 584; x_wconf 69' lang='lat' dir='ltr'><strong>abrogare,</strong></span> <span class='ocrx_word' id='word_1_20' title='bbox 2118 519 2207 571; x_wconf 80' lang='lat' dir='ltr'><strong>alii</strong></span> <span class='ocrx_word' id='word_1_21' title='bbox 2223 518 2467 588; x_wconf 66' lang='lat' dir='ltr'><strong>obv-ogere.</strong></span> 
     </span>
    </p>
   </div>
   <div class='ocr_carea' id='block_1_4' title="bbox 242 582 2464 673">
    <p class='ocr_par' dir='ltr' id='par_1_4' title="bbox 242 582 2464 673">
     <span class='ocr_line' id='line_1_5' title="bbox 242 582 2464 673; baseline 0.008 -38"><span class='ocrx_word' id='word_1_22' title='bbox 242 583 351 635; x_wconf 83' lang='lat' dir='ltr'><strong>cile</strong></span> <span class='ocrx_word' id='word_1_23' title='bbox 374 582 641 637; x_wconf 81' lang='lat' dir='ltr'><strong>conciliari</strong></span> <span class='ocrx_word' id='word_1_24' title='bbox 661 590 894 650; x_wconf 81' lang='lat' dir='ltr'><strong>possunt.</strong></span> <span class='ocrx_word' id='word_1_25' title='bbox 937 585 1036 637; x_wconf 83' lang='lat' dir='ltr'><strong>Est</strong></span> <span class='ocrx_word' id='word_1_26' title='bbox 1053 592 1321 653; x_wconf 60' lang='lat' dir='ltr'><strong>praterea</strong></span> <span class='ocrx_word' id='word_1_27' title='bbox 1394 585 1513 640; x_wconf 83' lang='lat' dir='ltr'><strong>Nec</strong></span> <span class='ocrx_word' id='word_1_28' title='bbox 1540 591 1668 657; x_wconf 83' lang='lat' dir='ltr'><strong>scio,</strong></span> <span class='ocrx_word' id='word_1_29' title='bbox 1696 608 1850 659; x_wconf 86' lang='lat' dir='ltr'><strong>qnam</strong></span> <span class='ocrx_word' id='word_1_30' title='bbox 1882 594 2020 647; x_wconf 83' lang='lat' dir='ltr'><strong>bene</strong></span> <span class='ocrx_word' id='word_1_31' title='bbox 2054 598 2219 649; x_wconf 76' lang='lat' dir='ltr'><strong>Brisa.</strong></span> <span class='ocrx_word' id='word_1_32' title='bbox 2254 600 2464 673; x_wconf 76' lang='lat' dir='ltr'><strong>aliique,</strong></span> 
     </span>
    </p>
   </div>
   <div class='ocr_carea' id='block_1_5' title="bbox 191 661 1316 4356">
    <p class='ocr_par' dir='ltr' id='par_1_5' title="bbox 191 661 1316 4356">
     <span class='ocr_line' id='line_1_6' title="bbox 246 661 1315 730; baseline 0.005 -19"><span class='ocrx_word' id='word_1_33' title='bbox 246 666 307 712; x_wconf 81' lang='lat' dir='ltr'><strong>et</strong></span> <span class='ocrx_word' id='word_1_34' title='bbox 327 661 459 713; x_wconf 83' lang='lat' dir='ltr'><strong>alius</strong></span> <span class='ocrx_word' id='word_1_35' title='bbox 481 663 537 713; x_wconf 89' lang='lat' dir='ltr'><strong>in</strong></span> <span class='ocrx_word' id='word_1_36' title='bbox 556 661 654 715; x_wconf 88' lang='lat' dir='ltr'><strong>hac</strong></span> <span class='ocrx_word' id='word_1_37' title='bbox 677 678 735 715; x_wconf 86' lang='lat' dir='ltr'><strong>re</strong></span> <span class='ocrx_word' id='word_1_38' title='bbox 755 665 1039 730; x_wconf 80' lang='lat' dir='ltr'><strong>scrupulus.</strong></span> <span class='ocrx_word' id='word_1_39' title='bbox 1104 665 1243 716; x_wconf 86' lang='lat' dir='ltr'><strong>Nam</strong></span> <span class='ocrx_word' id='word_1_40' title='bbox 1269 667 1315 716; x_wconf 86' lang='lat' dir='ltr'><strong>si</strong></span> 
     </span>
     <span class='ocr_line' id='line_1_7' title="bbox 241 738 1316 815; baseline 0.004 -26"><span class='ocrx_word' id='word_1_41' title='bbox 241 740 264 770; x_wconf 80' lang='lat'><strong>⁴</strong></span> <span class='ocrx_word' id='word_1_42' title='bbox 283 738 545 805; x_wconf 75' lang='lat' dir='ltr'><strong>obrogare</strong></span> <span class='ocrx_word' id='word_1_43' title='bbox 566 740 701 806; x_wconf 71' lang='lat' dir='ltr'><strong>legi&#39;</strong></span> <span class='ocrx_word' id='word_1_44' title='bbox 729 747 832 807; x_wconf 79' lang='lat' dir='ltr'><strong>est,</strong></span> <span class='ocrx_word' id='word_1_45' title='bbox 864 748 924 793; x_wconf 88' lang='lat' dir='ltr'><strong>nt</strong></span> <span class='ocrx_word' id='word_1_46' title='bbox 955 742 1140 794; x_wconf 79' lang='lat' dir='ltr'><strong>Festus</strong></span> <span class='ocrx_word' id='word_1_47' title='bbox 1162 742 1316 815; x_wconf 56' lang='lat' dir='ltr'><strong>diest.</strong></span> 
     </span>
     <span class='ocr_line' id='line_1_8' title="bbox 238 814 1315 882; baseline 0.005 -17"><span class='ocrx_word' id='word_1_48' title='bbox 238 815 380 881; x_wconf 70' lang='lat' dir='ltr'><strong>legis</strong></span> <span class='ocrx_word' id='word_1_49' title='bbox 414 816 598 882; x_wconf 88' lang='lat' dir='ltr'><strong>prioris</strong></span> <span class='ocrx_word' id='word_1_50' title='bbox 629 814 951 869; x_wconf 74' lang='lat' dir='ltr'><strong>infirmandae</strong></span> <span class='ocrx_word' id='word_1_51' title='bbox 982 832 1142 870; x_wconf 84' lang='lat' dir='ltr'><strong>cansa</strong></span> <span class='ocrx_word' id='word_1_52' title='bbox 1160 818 1315 870; x_wconf 85' lang='lat' dir='ltr'><strong>aliam</strong></span> 
     </span>
     <span class='ocr_line' id='line_1_9' title="bbox 241 892 1313 965; baseline 0.007 -23"><span class='ocrx_word' id='word_1_53' title='bbox 241 892 405 958; x_wconf 77' lang='lat' dir='ltr'><strong>ferre,</strong></span> <span class='ocrx_word' id='word_1_54' title='bbox 436 894 540 945; x_wconf 77' lang='lat' dir='ltr'><strong>hon</strong></span> <span class='ocrx_word' id='word_1_55' title='bbox 571 895 697 946; x_wconf 84' lang='lat' dir='ltr'><strong>satis</strong></span> <span class='ocrx_word' id='word_1_56' title='bbox 728 896 913 963; x_wconf 75' lang='lat' dir='ltr'><strong>liquet,</strong></span> <span class='ocrx_word' id='word_1_57' title='bbox 932 897 1189 965; x_wconf 75' lang='lat' dir='ltr'><strong>quodnam</strong></span> <span class='ocrx_word' id='word_1_58' title='bbox 1222 913 1313 964; x_wconf 90' lang='lat' dir='ltr'><strong>po-</strong></span> 
     </span>
     <span class='ocr_line' id='line_1_10' title="bbox 238 969 1316 1029; baseline 0.009 -10"><span class='ocrx_word' id='word_1_59' title='bbox 238 969 500 1021; x_wconf 80' lang='lat' dir='ltr'><strong>tissimum</strong></span> <span class='ocrx_word' id='word_1_60' title='bbox 535 970 813 1025; x_wconf 78' lang='lat' dir='ltr'><strong>discrhnen</strong></span> <span class='ocrx_word' id='word_1_61' title='bbox 849 975 918 1025; x_wconf 88' lang='lat' dir='ltr'><strong>sit</strong></span> <span class='ocrx_word' id='word_1_62' title='bbox 960 975 1099 1026; x_wconf 77' lang='lat' dir='ltr'><strong>inter</strong></span> <span class='ocrx_word' id='word_1_63' title='bbox 1131 976 1150 1006; x_wconf 85' lang='lat'>‘</span> <span class='ocrx_word' id='word_1_64' title='bbox 1165 975 1316 1029; x_wconf 82' lang='lat' dir='ltr'><strong>abro-</strong></span> 
     </span>
     <span class='ocr_line' id='line_1_11' title="bbox 239 1047 1315 1120; baseline 0.01 -25"><span class='ocrx_word' id='word_1_65' title='bbox 239 1060 372 1111; x_wconf 74' lang='lat' dir='ltr'><strong>gare</strong></span> <span class='ocrx_word' id='word_1_66' title='bbox 421 1047 631 1113; x_wconf 78' lang='lat' dir='ltr'><strong>legem‚&#39;</strong></span> <span class='ocrx_word' id='word_1_67' title='bbox 684 1056 741 1101; x_wconf 82' lang='lat' dir='ltr'><strong>et</strong></span> <span class='ocrx_word' id='word_1_68' title='bbox 793 1050 810 1080; x_wconf 83' lang='lat'><strong><em>⁴</em></strong></span> <span class='ocrx_word' id='word_1_69' title='bbox 834 1049 1092 1119; x_wconf 78' lang='lat' dir='ltr'><strong>obrogare</strong></span> <span class='ocrx_word' id='word_1_70' title='bbox 1146 1052 1315 1120; x_wconf 60' lang='grc' dir='ltr'><strong>κεῖτ’</strong></span> 
     </span>
     <span class='ocr_line' id='line_1_12' title="bbox 235 1125 1314 1197; baseline 0.009 -24"><span class='ocrx_word' id='word_1_71' title='bbox 235 1137 400 1190; x_wconf 83' lang='lat' dir='ltr'><strong>quum</strong></span> <span class='ocrx_word' id='word_1_72' title='bbox 421 1125 690 1193; x_wconf 86' lang='lat' dir='ltr'><strong>utriusque</strong></span> <span class='ocrx_word' id='word_1_73' title='bbox 711 1128 788 1179; x_wconf 83' lang='lat' dir='ltr'><strong>rei</strong></span> <span class='ocrx_word' id='word_1_74' title='bbox 814 1127 950 1180; x_wconf 82' lang='lat' dir='ltr'><strong>idem</strong></span> <span class='ocrx_word' id='word_1_75' title='bbox 982 1130 1055 1181; x_wconf 86' lang='lat' dir='ltr'><strong>sit</strong></span> <span class='ocrx_word' id='word_1_76' title='bbox 1075 1128 1314 1197; x_wconf 79' lang='lat' dir='ltr'><strong>effectus,</strong></span> 
     </span>
     <span class='ocr_line' id='line_1_13' title="bbox 235 1202 1310 1273; baseline 0.009 -23"><span class='ocrx_word' id='word_1_77' title='bbox 235 1207 299 1251; x_wconf 86' lang='lat' dir='ltr'><strong>et</strong></span> <span class='ocrx_word' id='word_1_78' title='bbox 322 1215 427 1253; x_wconf 88' lang='lat' dir='ltr'><strong>non</strong></span> <span class='ocrx_word' id='word_1_79' title='bbox 448 1202 617 1254; x_wconf 84' lang='lat' dir='ltr'><strong>minus</strong></span> <span class='ocrx_word' id='word_1_80' title='bbox 637 1204 653 1232; x_wconf 81' lang='lat'><strong>⁴</strong></span> <span class='ocrx_word' id='word_1_81' title='bbox 669 1204 1036 1272; x_wconf 73' lang='lat' dir='ltr'><strong>obrogatione&#39;</strong></span> <span class='ocrx_word' id='word_1_82' title='bbox 1060 1208 1203 1273; x_wconf 88' lang='lat' dir='ltr'><strong>prior</strong></span> <span class='ocrx_word' id='word_1_83' title='bbox 1220 1209 1310 1260; x_wconf 83' lang='lat' dir='ltr'><strong>lex</strong></span> 
     </span>
     <span class='ocr_line' id='line_1_14' title="bbox 230 1278 1310 1355; baseline 0.011 -26"><span class='ocrx_word' id='word_1_84' title='bbox 230 1278 506 1332; x_wconf 80' lang='lat' dir='ltr'><strong>infirmata</strong></span> <span class='ocrx_word' id='word_1_85' title='bbox 548 1283 781 1350; x_wconf 84' lang='lat' dir='ltr'><strong>tollatur,</strong></span> <span class='ocrx_word' id='word_1_86' title='bbox 833 1300 985 1352; x_wconf 90' lang='lat' dir='ltr'><strong>qnam</strong></span> <span class='ocrx_word' id='word_1_87' title='bbox 1039 1288 1059 1317; x_wconf 83' lang='lat'>‘</span> <span class='ocrx_word' id='word_1_88' title='bbox 1086 1288 1310 1355; x_wconf 68' lang='lat' dir='ltr'><strong>abi-oga·-</strong></span> 
     </span>
     <span class='ocr_line' id='line_1_15' title="bbox 230 1355 1307 1431; baseline 0.01 -25"><span class='ocrx_word' id='word_1_89' title='bbox 230 1355 416 1408; x_wconf 66' lang='lat' dir='ltr'><strong>tionc!</strong></span> <span class='ocrx_word' id='word_1_90' title='bbox 480 1360 749 1412; x_wconf 74' lang='lat' dir='ltr'><strong>Manutius</strong></span> <span class='ocrx_word' id='word_1_91' title='bbox 783 1377 831 1414; x_wconf 91' lang='lat' dir='ltr'><strong>c.</strong></span> <span class='ocrx_word' id='word_1_92' title='bbox 853 1375 988 1414; x_wconf 72' lang='lat' dir='ltr'><strong>mr.</strong></span> <span class='ocrx_word' id='word_1_93' title='bbox 1022 1363 1088 1415; x_wconf 82' lang='lat' dir='ltr'><strong>de</strong></span> <span class='ocrx_word' id='word_1_94' title='bbox 1119 1364 1307 1431; x_wconf 79' lang='lat' dir='ltr'><strong>Legib.</strong></span> 
     </span>
     <span class='ocr_line' id='line_1_16' title="bbox 233 1432 1309 1507; baseline 0.007 -22"><span class='ocrx_word' id='word_1_95' title='bbox 233 1432 395 1486; x_wconf 78' lang='lat' dir='ltr'><strong>Rom.</strong></span> <span class='ocrx_word' id='word_1_96' title='bbox 418 1434 518 1486; x_wconf 80' lang='lat' dir='ltr'><strong>hoc</strong></span> <span class='ocrx_word' id='word_1_97' title='bbox 549 1435 624 1486; x_wconf 84' lang='lat' dir='ltr'><strong>ita</strong></span> <span class='ocrx_word' id='word_1_98' title='bbox 645 1438 899 1504; x_wconf 78' lang='lat' dir='ltr'><strong>expedit:</strong></span> <span class='ocrx_word' id='word_1_99' title='bbox 935 1440 951 1468; x_wconf 76' lang='lat'>⁸</span> <span class='ocrx_word' id='word_1_100' title='bbox 973 1440 1213 1507; x_wconf 77' lang='lat' dir='ltr'><strong>abrogari</strong></span> <span class='ocrx_word' id='word_1_101' title='bbox 1233 1442 1309 1494; x_wconf 84' lang='lat' dir='ltr'><strong>le-</strong></span> 
     </span>
     <span class='ocr_line' id='line_1_17' title="bbox 230 1511 1307 1580; baseline 0.008 -19"><span class='ocrx_word' id='word_1_102' title='bbox 230 1511 391 1576; x_wconf 67' lang='lat' dir='ltr'><strong>gem:</strong></span> <span class='ocrx_word' id='word_1_103' title='bbox 429 1526 586 1577; x_wconf 80' lang='lat' dir='ltr'><strong>quum</strong></span> <span class='ocrx_word' id='word_1_104' title='bbox 609 1512 715 1564; x_wconf 83' lang='lat' dir='ltr'><strong>alia</strong></span> <span class='ocrx_word' id='word_1_105' title='bbox 744 1515 862 1580; x_wconf 80' lang='lat' dir='ltr'><strong>lege</strong></span> <span class='ocrx_word' id='word_1_106' title='bbox 885 1516 1187 1568; x_wconf 81' lang='lat' dir='ltr'><strong>nominatim</strong></span> <span class='ocrx_word' id='word_1_107' title='bbox 1211 1519 1307 1570; x_wconf 87' lang='lat' dir='ltr'><strong>tol-</strong></span> 
     </span>
     <span class='ocr_line' id='line_1_18' title="bbox 225 1587 1306 1659; baseline 0.009 -22"><span class='ocrx_word' id='word_1_108' title='bbox 225 1588 396 1651; x_wconf 76' lang='lat' dir='ltr'><strong>litut-3</strong></span> <span class='ocrx_word' id='word_1_109' title='bbox 425 1588 444 1617; x_wconf 81' lang='lat'><strong>⁴</strong></span> <span class='ocrx_word' id='word_1_110' title='bbox 464 1587 704 1655; x_wconf 75' lang='lat' dir='ltr'><strong>obrogari</strong></span> <span class='ocrx_word' id='word_1_111' title='bbox 725 1591 869 1656; x_wconf 82' lang='lat' dir='ltr'><strong>legi,&#39;</strong></span> <span class='ocrx_word' id='word_1_112' title='bbox 889 1608 1045 1659; x_wconf 84' lang='lat' dir='ltr'><strong>quum</strong></span> <span class='ocrx_word' id='word_1_113' title='bbox 1066 1595 1205 1645; x_wconf 90' lang='lat' dir='ltr'><strong>nulla</strong></span> <span class='ocrx_word' id='word_1_114' title='bbox 1220 1609 1306 1647; x_wconf 83' lang='lat' dir='ltr'><strong>sn·</strong></span> 
     </span>
     <span class='ocr_line' id='line_1_19' title="bbox 228 1664 1304 1739; baseline 0.008 -25"><span class='ocrx_word' id='word_1_115' title='bbox 228 1664 461 1730; x_wconf 75' lang='lat' dir='ltr'><strong>perioris</strong></span> <span class='ocrx_word' id='word_1_116' title='bbox 491 1664 625 1732; x_wconf 78' lang='lat' dir='ltr'><strong>legis</strong></span> <span class='ocrx_word' id='word_1_117' title='bbox 645 1670 908 1719; x_wconf 76' lang='lat' dir='ltr'>mentione</span> <span class='ocrx_word' id='word_1_118' title='bbox 938 1668 1079 1722; x_wconf 70' lang='lat' dir='ltr'><strong>facta</strong></span> <span class='ocrx_word' id='word_1_119' title='bbox 1110 1671 1304 1739; x_wconf 83' lang='lat' dir='ltr'><strong>aliquid</strong></span> 
     </span>
     <span class='ocr_line' id='line_1_20' title="bbox 225 1740 1304 1814; baseline 0.008 -21"><span class='ocrx_word' id='word_1_120' title='bbox 225 1742 551 1794; x_wconf 85' lang='lat' dir='ltr'><strong>contrarium</strong></span> <span class='ocrx_word' id='word_1_121' title='bbox 587 1745 878 1810; x_wconf 80' lang='lat' dir='ltr'><strong>posteriore</strong></span> <span class='ocrx_word' id='word_1_122' title='bbox 905 1740 1032 1812; x_wconf 71' lang='lat' dir='ltr'><strong>lege</strong></span> <span class='ocrx_word' id='word_1_123' title='bbox 1071 1756 1304 1814; x_wconf 78' lang='lat' dir='ltr'><strong>rogatur.</strong></span> 
     </span>
     <span class='ocr_line' id='line_1_21' title="bbox 222 1820 1302 1888; baseline 0.009 -18"><span class='ocrx_word' id='word_1_124' title='bbox 222 1820 336 1871; x_wconf 80' lang='lat' dir='ltr'><strong>Sed</strong></span> <span class='ocrx_word' id='word_1_125' title='bbox 371 1835 544 1888; x_wconf 83' lang='lat' dir='ltr'><strong>neque</strong></span> <span class='ocrx_word' id='word_1_126' title='bbox 581 1824 691 1874; x_wconf 84' lang='lat' dir='ltr'><strong>ulla</strong></span> <span class='ocrx_word' id='word_1_127' title='bbox 719 1826 1034 1877; x_wconf 84' lang='lat' dir='ltr'><strong>anctoritate</strong></span> <span class='ocrx_word' id='word_1_128' title='bbox 1067 1834 1302 1881; x_wconf 81' lang='lat' dir='ltr'><strong>veterum</strong></span> 
     </span>
     <span class='ocr_line' id='line_1_22' title="bbox 221 1898 1304 1958; baseline 0.008 -9"><span class='ocrx_word' id='word_1_129' title='bbox 221 1898 506 1950; x_wconf 82' lang='lat' dir='ltr'><strong>confirmat</strong></span> <span class='ocrx_word' id='word_1_130' title='bbox 526 1899 627 1951; x_wconf 85' lang='lat' dir='ltr'><strong>hoc</strong></span> <span class='ocrx_word' id='word_1_131' title='bbox 648 1898 924 1952; x_wconf 70' lang='lat' dir='ltr'>discrimen</span> <span class='ocrx_word' id='word_1_132' title='bbox 952 1901 1094 1953; x_wconf 87' lang='lat' dir='ltr'><strong>inter</strong></span> <span class='ocrx_word' id='word_1_133' title='bbox 1113 1904 1132 1933; x_wconf 85' lang='lat'>‘</span> <span class='ocrx_word' id='word_1_134' title='bbox 1154 1905 1304 1958; x_wconf 86' lang='lat' dir='ltr'><strong>abro-</strong></span> 
     </span>
     <span class='ocr_line' id='line_1_23' title="bbox 223 1975 1303 2051; baseline 0.008 -26"><span class='ocrx_word' id='word_1_135' title='bbox 223 1979 386 2041; x_wconf 75' lang='lat' dir='ltr'><strong>gare·</strong></span> <span class='ocrx_word' id='word_1_136' title='bbox 423 1983 480 2027; x_wconf 81' lang='lat' dir='ltr'><strong>et</strong></span> <span class='ocrx_word' id='word_1_137' title='bbox 508 1975 844 2043; x_wconf 73' lang='lat' dir='ltr'><strong>‘obrogare3’</strong></span> <span class='ocrx_word' id='word_1_138' title='bbox 891 1993 991 2030; x_wconf 84' lang='lat' dir='ltr'><strong>nec</strong></span> <span class='ocrx_word' id='word_1_139' title='bbox 1029 1980 1303 2051; x_wconf 61' lang='lat' dir='ltr'><strong>probabue</strong></span> 
     </span>
     <span class='ocr_line' id='line_1_24' title="bbox 219 2052 1300 2123; baseline 0.009 -21"><span class='ocrx_word' id='word_1_140' title='bbox 219 2052 441 2104; x_wconf 78' lang='lat' dir='ltr'><strong>videtur</strong></span> <span class='ocrx_word' id='word_1_141' title='bbox 475 2055 570 2105; x_wconf 85' lang='lat' dir='ltr'><strong>hoc</strong></span> <span class='ocrx_word' id='word_1_142' title='bbox 594 2056 862 2121; x_wconf 65' lang='lat' dir='ltr'><strong>precipue</strong></span> <span class='ocrx_word' id='word_1_143' title='bbox 889 2065 1186 2123; x_wconf 82' lang='lat' dir='ltr'><strong>spectatum</strong></span> <span class='ocrx_word' id='word_1_144' title='bbox 1217 2059 1300 2112; x_wconf 80' lang='lat' dir='ltr'><strong>fn-</strong></span> 
     </span>
     <span class='ocr_line' id='line_1_25' title="bbox 217 2129 1299 2203; baseline 0.01 -24"><span class='ocrx_word' id='word_1_145' title='bbox 217 2130 330 2179; x_wconf 76' lang='lat' dir='ltr'><strong>isse</strong></span> <span class='ocrx_word' id='word_1_146' title='bbox 366 2129 420 2180; x_wconf 86' lang='lat' dir='ltr'><strong>in</strong></span> <span class='ocrx_word' id='word_1_147' title='bbox 453 2131 836 2196; x_wconf 81' lang='lat' dir='ltr'><strong>distinguendis</strong></span> <span class='ocrx_word' id='word_1_148' title='bbox 865 2134 1043 2198; x_wconf 85' lang='lat' dir='ltr'><strong>rebus,</strong></span> <span class='ocrx_word' id='word_1_149' title='bbox 1083 2152 1299 2203; x_wconf 85' lang='lat' dir='ltr'><strong>quarum</strong></span> 
     </span>
     <span class='ocr_line' id='line_1_26' title="bbox 215 2204 1300 2278; baseline 0.011 -23"><span class='ocrx_word' id='word_1_150' title='bbox 215 2205 364 2257; x_wconf 79' lang='lat' dir='ltr'><strong>idem</strong></span> <span class='ocrx_word' id='word_1_151' title='bbox 382 2204 602 2259; x_wconf 79' lang='lat' dir='ltr'><strong>effectus</strong></span> <span class='ocrx_word' id='word_1_152' title='bbox 624 2209 910 2278; x_wconf 84' lang='lat' dir='ltr'><strong>eademqne</strong></span> <span class='ocrx_word' id='word_1_153' title='bbox 933 2212 1011 2264; x_wconf 79' lang='lat' dir='ltr'><strong>vis</strong></span> <span class='ocrx_word' id='word_1_154' title='bbox 1026 2219 1158 2267; x_wconf 84' lang='lat' dir='ltr'><strong>erat.</strong></span> <span class='ocrx_word' id='word_1_155' title='bbox 1199 2216 1300 2267; x_wconf 77' lang='lat' dir='ltr'><strong>vit</strong></span> 
     </span>
     <span class='ocr_line' id='line_1_27' title="bbox 216 2283 1296 2348; baseline 0.01 -16"><span class='ocrx_word' id='word_1_156' title='bbox 216 2283 616 2348; x_wconf 71' lang='lat' dir='ltr'><strong>celeberrimus,</strong></span> <span class='ocrx_word' id='word_1_157' title='bbox 639 2292 695 2336; x_wconf 84' lang='lat' dir='ltr'><strong>et</strong></span> <span class='ocrx_word' id='word_1_158' title='bbox 716 2300 820 2336; x_wconf 92' lang='lat' dir='ltr'><strong>non</strong></span> <span class='ocrx_word' id='word_1_159' title='bbox 836 2288 1007 2340; x_wconf 86' lang='lat' dir='ltr'><strong>minus</strong></span> <span class='ocrx_word' id='word_1_160' title='bbox 1027 2290 1296 2343; x_wconf 83' lang='lat' dir='ltr'><strong>literarum</strong></span> 
     </span>
     <span class='ocr_line' id='line_1_28' title="bbox 212 2363 1297 2434; baseline 0.009 -23"><span class='ocrx_word' id='word_1_161' title='bbox 212 2366 535 2426; x_wconf 75' lang='lat' dir='ltr'><strong>nostrarum,</strong></span> <span class='ocrx_word' id='word_1_162' title='bbox 563 2376 717 2428; x_wconf 84' lang='lat' dir='ltr'><strong>qnam</strong></span> <span class='ocrx_word' id='word_1_163' title='bbox 739 2363 883 2415; x_wconf 79' lang='lat' dir='ltr'><strong>Juris</strong></span> <span class='ocrx_word' id='word_1_164' title='bbox 904 2365 1073 2416; x_wconf 83' lang='lat' dir='ltr'><strong>civilis</strong></span> <span class='ocrx_word' id='word_1_165' title='bbox 1104 2368 1297 2434; x_wconf 76' lang='lat' dir='ltr'><strong>peritia</strong></span> 
     </span>
     <span class='ocr_line' id='line_1_29' title="bbox 211 2439 1294 2509; baseline 0.009 -20"><span class='ocrx_word' id='word_1_166' title='bbox 211 2439 454 2505; x_wconf 71' lang='lat' dir='ltr'><strong>iusignia,</strong></span> <span class='ocrx_word' id='word_1_167' title='bbox 475 2439 735 2492; x_wconf 83' lang='lat' dir='ltr'><strong>Antonius</strong></span> <span class='ocrx_word' id='word_1_168' title='bbox 754 2442 1130 2509; x_wconf 79' lang='lat' dir='ltr'><strong>Schultingins,</strong></span> <span class='ocrx_word' id='word_1_169' title='bbox 1153 2447 1294 2499; x_wconf 91' lang='lat' dir='ltr'><strong>Doc-</strong></span> 
     </span>
     <span class='ocr_line' id='line_1_30' title="bbox 214 2516 1293 2575; baseline 0.009 -10"><span class='ocrx_word' id='word_1_170' title='bbox 214 2521 306 2566; x_wconf 87' lang='lat' dir='ltr'><strong>tor</strong></span> <span class='ocrx_word' id='word_1_171' title='bbox 339 2530 486 2567; x_wconf 85' lang='lat' dir='ltr'><strong>mens</strong></span> <span class='ocrx_word' id='word_1_172' title='bbox 520 2516 646 2567; x_wconf 81' lang='lat' dir='ltr'><strong>mihi</strong></span> <span class='ocrx_word' id='word_1_173' title='bbox 672 2519 849 2570; x_wconf 84' lang='lat' dir='ltr'><strong>multis</strong></span> <span class='ocrx_word' id='word_1_174' title='bbox 879 2521 1170 2573; x_wconf 84' lang='lat' dir='ltr'><strong>nominibus</strong></span> <span class='ocrx_word' id='word_1_175' title='bbox 1206 2539 1293 2575; x_wconf 87' lang='lat' dir='ltr'><strong>co-</strong></span> 
     </span>
     <span class='ocr_line' id='line_1_31' title="bbox 209 2592 1293 2664; baseline 0.008 -21"><span class='ocrx_word' id='word_1_176' title='bbox 209 2592 427 2658; x_wconf 81' lang='lat' dir='ltr'><strong>lendus,</strong></span> <span class='ocrx_word' id='word_1_177' title='bbox 462 2593 527 2644; x_wconf 84' lang='lat' dir='ltr'><strong>ad</strong></span> <span class='ocrx_word' id='word_1_178' title='bbox 551 2596 832 2661; x_wconf 85' lang='lat' dir='ltr'><strong>Ulpianum</strong></span> <span class='ocrx_word' id='word_1_179' title='bbox 863 2597 1065 2664; x_wconf 75' lang='lat' dir='ltr'><strong>scribit,</strong></span> <span class='ocrx_word' id='word_1_180' title='bbox 1086 2606 1293 2652; x_wconf 80' lang='lat' dir='ltr'><strong>veteres</strong></span> 
     </span>
     <span class='ocr_line' id='line_1_32' title="bbox 208 2671 1288 2740; baseline 0.007 -21"><span class='ocrx_word' id='word_1_181' title='bbox 208 2682 320 2719; x_wconf 82' lang='lat' dir='ltr'><strong>non</strong></span> <span class='ocrx_word' id='word_1_182' title='bbox 359 2682 571 2736; x_wconf 79' lang='lat' dir='ltr'><strong>semper</strong></span> <span class='ocrx_word' id='word_1_183' title='bbox 603 2671 786 2721; x_wconf 83' lang='lat' dir='ltr'><strong>eodem</strong></span> <span class='ocrx_word' id='word_1_184' title='bbox 821 2671 975 2723; x_wconf 84' lang='lat' dir='ltr'><strong>modo</strong></span> <span class='ocrx_word' id='word_1_185' title='bbox 1013 2675 1288 2740; x_wconf 75' lang='lat' dir='ltr'>loquutus:</span> 
     </span>
     <span class='ocr_line' id='line_1_33' title="bbox 203 2745 1292 2813; baseline 0.008 -18"><span class='ocrx_word' id='word_1_186' title='bbox 203 2745 307 2795; x_wconf 87' lang='lat' dir='ltr'><strong>sed</strong></span> <span class='ocrx_word' id='word_1_187' title='bbox 330 2746 613 2813; x_wconf 76' lang='lat' dir='ltr'><strong>Ulpianum</strong></span> <span class='ocrx_word' id='word_1_188' title='bbox 646 2746 760 2799; x_wconf 77' lang='lat' dir='ltr'><strong>haec</strong></span> <span class='ocrx_word' id='word_1_189' title='bbox 795 2755 1043 2801; x_wconf 84' lang='lat' dir='ltr'><strong>accurate</strong></span> <span class='ocrx_word' id='word_1_190' title='bbox 1075 2750 1292 2803; x_wconf 80' lang='lat' dir='ltr'><strong>distinx-</strong></span> 
     </span>
     <span class='ocr_line' id='line_1_34' title="bbox 204 2824 1290 2893; baseline 0.007 -20"><span class='ocrx_word' id='word_1_191' title='bbox 204 2824 344 2887; x_wconf 78' lang='lat' dir='ltr'><strong>isse,</strong></span> <span class='ocrx_word' id='word_1_192' title='bbox 364 2831 424 2875; x_wconf 90' lang='lat' dir='ltr'><strong>ut</strong></span> <span class='ocrx_word' id='word_1_193' title='bbox 456 2826 671 2889; x_wconf 73' lang='lat' dir='ltr'><strong>sotum,</strong></span> <span class='ocrx_word' id='word_1_194' title='bbox 704 2832 761 2878; x_wconf 88' lang='lat' dir='ltr'><strong>et</strong></span> <span class='ocrx_word' id='word_1_195' title='bbox 795 2828 1136 2893; x_wconf 75' lang='lat' dir='ltr'><strong>proprietatis</strong></span> <span class='ocrx_word' id='word_1_196' title='bbox 1170 2844 1290 2881; x_wconf 78' lang='lat' dir='ltr'><strong>ver-</strong></span> 
     </span>
     <span class='ocr_line' id='line_1_35' title="bbox 205 2901 1289 2969; baseline 0.005 -18"><span class='ocrx_word' id='word_1_197' title='bbox 205 2901 402 2951; x_wconf 84' lang='lat' dir='ltr'><strong>borum</strong></span> <span class='ocrx_word' id='word_1_198' title='bbox 440 2902 743 2953; x_wconf 83' lang='lat' dir='ltr'><strong>studiosum.</strong></span> <span class='ocrx_word' id='word_1_199' title='bbox 812 2901 980 2954; x_wconf 81' lang='lat' dir='ltr'><strong>Plane</strong></span> <span class='ocrx_word' id='word_1_200' title='bbox 1023 2903 1188 2969; x_wconf 85' lang='lat' dir='ltr'><strong>probo</strong></span> <span class='ocrx_word' id='word_1_201' title='bbox 1225 2906 1289 2955; x_wconf 90' lang='lat' dir='ltr'><strong>il-</strong></span> 
     </span>
     <span class='ocr_line' id='line_1_36' title="bbox 201 2977 1287 3049; baseline 0.006 -22"><span class='ocrx_word' id='word_1_202' title='bbox 201 2977 312 3028; x_wconf 82' lang='lat' dir='ltr'><strong>lins</strong></span> <span class='ocrx_word' id='word_1_203' title='bbox 335 2978 670 3042; x_wconf 67' lang='lat' dir='ltr'><strong>centendunt,</strong></span> <span class='ocrx_word' id='word_1_204' title='bbox 701 2986 862 3046; x_wconf 80' lang='lat' dir='ltr'><strong>atque</strong></span> <span class='ocrx_word' id='word_1_205' title='bbox 881 2981 960 3031; x_wconf 89' lang='lat' dir='ltr'><strong>ita</strong></span> <span class='ocrx_word' id='word_1_206' title='bbox 982 2988 1141 3047; x_wconf 82' lang='lat' dir='ltr'><strong>puto:</strong></span> <span class='ocrx_word' id='word_1_207' title='bbox 1176 2984 1287 3049; x_wconf 86' lang='lat' dir='ltr'><strong>ple-</strong></span> 
     </span>
     <span class='ocr_line' id='line_1_37' title="bbox 200 3055 1286 3125; baseline 0.006 -21"><span class='ocrx_word' id='word_1_208' title='bbox 200 3055 388 3121; x_wconf 72' lang='lat' dir='ltr'><strong>risque</strong></span> <span class='ocrx_word' id='word_1_209' title='bbox 419 3056 550 3106; x_wconf 83' lang='lat' dir='ltr'><strong>locis</strong></span> <span class='ocrx_word' id='word_1_210' title='bbox 579 3060 835 3122; x_wconf 77' lang='lat' dir='ltr'><strong>veterum,</strong></span> <span class='ocrx_word' id='word_1_211' title='bbox 867 3057 923 3107; x_wconf 85' lang='lat' dir='ltr'><strong>in</strong></span> <span class='ocrx_word' id='word_1_212' title='bbox 956 3057 1140 3125; x_wconf 82' lang='lat' dir='ltr'><strong>quibus</strong></span> <span class='ocrx_word' id='word_1_213' title='bbox 1173 3060 1286 3110; x_wconf 84' lang='lat' dir='ltr'><strong>sine</strong></span> 
     </span>
     <span class='ocr_line' id='line_1_38' title="bbox 199 3132 1287 3199; baseline 0.006 -17"><span class='ocrx_word' id='word_1_214' title='bbox 199 3132 574 3184; x_wconf 80' lang='lat' dir='ltr'><strong>controversia</strong></span> <span class='ocrx_word' id='word_1_215' title='bbox 592 3133 789 3198; x_wconf 77' lang='lat' dir='ltr'><strong>legitur</strong></span> <span class='ocrx_word' id='word_1_216' title='bbox 804 3132 1052 3199; x_wconf 57' lang='lat' dir='ltr'><strong>obtusae,</strong></span> <span class='ocrx_word' id='word_1_217' title='bbox 1065 3148 1184 3186; x_wconf 86' lang='lat' dir='ltr'><strong>eam</strong></span> <span class='ocrx_word' id='word_1_218' title='bbox 1201 3152 1287 3188; x_wconf 83' lang='lat' dir='ltr'><strong>vo-</strong></span> 
     </span>
     <span class='ocr_line' id='line_1_39' title="bbox 199 3207 1286 3278; baseline 0.005 -20"><span class='ocrx_word' id='word_1_219' title='bbox 199 3220 328 3258; x_wconf 85' lang='lat' dir='ltr'><strong>cem</strong></span> <span class='ocrx_word' id='word_1_220' title='bbox 369 3222 437 3257; x_wconf 86' lang='lat' dir='ltr'><strong>ex</strong></span> <span class='ocrx_word' id='word_1_221' title='bbox 478 3207 688 3273; x_wconf 84' lang='lat' dir='ltr'><strong>Ulpiani</strong></span> <span class='ocrx_word' id='word_1_222' title='bbox 722 3209 987 3260; x_wconf 81' lang='lat' dir='ltr'><strong>sententia</strong></span> <span class='ocrx_word' id='word_1_223' title='bbox 1027 3210 1286 3278; x_wconf 83' lang='lat' dir='ltr'><strong>interpre-</strong></span> 
     </span>
     <span class='ocr_line' id='line_1_40' title="bbox 199 3283 1283 3352; baseline 0.004 -16"><span class='ocrx_word' id='word_1_224' title='bbox 199 3283 428 3336; x_wconf 72' lang='lat' dir='ltr'><strong>tundam</strong></span> <span class='ocrx_word' id='word_1_225' title='bbox 459 3299 602 3337; x_wconf 78' lang='lat' dir='ltr'><strong>esse:</strong></span> <span class='ocrx_word' id='word_1_226' title='bbox 637 3284 774 3336; x_wconf 82' lang='lat' dir='ltr'><strong>utin</strong></span> <span class='ocrx_word' id='word_1_227' title='bbox 809 3285 987 3352; x_wconf 80' lang='lat' dir='ltr'><strong>capite</strong></span> <span class='ocrx_word' id='word_1_228' title='bbox 1011 3287 1166 3352; x_wconf 70' lang='lat' dir='ltr'><strong>Legis</strong></span> <span class='ocrx_word' id='word_1_229' title='bbox 1185 3290 1283 3340; x_wconf 86' lang='lat' dir='ltr'><strong>tri-</strong></span> 
     </span>
     <span class='ocr_line' id='line_1_41' title="bbox 200 3361 1283 3429; baseline 0.006 -16"><span class='ocrx_word' id='word_1_230' title='bbox 200 3362 438 3414; x_wconf 78' lang='lat' dir='ltr'><strong>buniciae</strong></span> <span class='ocrx_word' id='word_1_231' title='bbox 479 3363 618 3429; x_wconf 85' lang='lat' dir='ltr'><strong>apud</strong></span> <span class='ocrx_word' id='word_1_232' title='bbox 658 3362 774 3415; x_wconf 87' lang='lat' dir='ltr'><strong>Cic.</strong></span> <span class='ocrx_word' id='word_1_233' title='bbox 805 3376 894 3413; x_wconf 87' lang='grc' dir='ltr'><strong>ιιι.</strong></span> <span class='ocrx_word' id='word_1_234' title='bbox 932 3362 999 3414; x_wconf 81' lang='lat' dir='ltr'><strong>ad</strong></span> <span class='ocrx_word' id='word_1_235' title='bbox 1044 3361 1158 3416; x_wconf 82' lang='grc' dir='ltr'><strong>Αιι.</strong></span> <span class='ocrx_word' id='word_1_236' title='bbox 1197 3369 1283 3419; x_wconf 74' lang='lat'><strong>2⁸.</strong></span> 
     </span>
     <span class='ocr_line' id='line_1_42' title="bbox 193 3437 1284 3506; baseline 0.002 -15"><span class='ocrx_word' id='word_1_237' title='bbox 193 3437 214 3467; x_wconf 80' lang='lat'>⁸</span> <span class='ocrx_word' id='word_1_238' title='bbox 234 3438 402 3491; x_wconf 75' lang='lat' dir='ltr'><strong>Quod</strong></span> <span class='ocrx_word' id='word_1_239' title='bbox 433 3452 531 3505; x_wconf 85' lang='lat' dir='ltr'><strong>per</strong></span> <span class='ocrx_word' id='word_1_240' title='bbox 563 3440 754 3505; x_wconf 72' lang='lat' dir='ltr'><strong>Legem</strong></span> <span class='ocrx_word' id='word_1_241' title='bbox 786 3438 1023 3491; x_wconf 80' lang='lat' dir='ltr'><strong>Clodiam</strong></span> <span class='ocrx_word' id='word_1_242' title='bbox 1059 3444 1284 3506; x_wconf 84' lang='lat' dir='ltr'><strong>promul-</strong></span> 
     </span>
     <span class='ocr_line' id='line_1_43' title="bbox 197 3515 1282 3585; baseline 0.006 -21"><span class='ocrx_word' id='word_1_243' title='bbox 197 3528 356 3581; x_wconf 77' lang='lat' dir='ltr'><strong>gare,</strong></span> <span class='ocrx_word' id='word_1_244' title='bbox 393 3516 667 3582; x_wconf 76' lang='lat' dir='ltr'><strong>abrogare,</strong></span> <span class='ocrx_word' id='word_1_245' title='bbox 702 3515 973 3582; x_wconf 72' lang='lat' dir='ltr'><strong>derogare,</strong></span> <span class='ocrx_word' id='word_1_246' title='bbox 1003 3517 1282 3585; x_wconf 74' lang='lat' dir='ltr'><strong>obrogare,</strong></span> 
     </span>
     <span class='ocr_line' id='line_1_44' title="bbox 195 3588 1282 3662; baseline 0.008 -22"><span class='ocrx_word' id='word_1_247' title='bbox 195 3592 318 3641; x_wconf 81' lang='lat' dir='ltr'><strong>sine</strong></span> <span class='ocrx_word' id='word_1_248' title='bbox 339 3588 534 3641; x_wconf 66' lang='lat' dir='ltr'><strong>Fraude</strong></span> <span class='ocrx_word' id='word_1_249' title='bbox 557 3606 651 3644; x_wconf 81' lang='lat' dir='ltr'><strong>sna</strong></span> <span class='ocrx_word' id='word_1_250' title='bbox 671 3607 778 3644; x_wconf 88' lang='lat' dir='ltr'><strong>non</strong></span> <span class='ocrx_word' id='word_1_251' title='bbox 798 3594 957 3645; x_wconf 85' lang='lat' dir='ltr'><strong>liceat</strong></span> <span class='ocrx_word' id='word_1_252' title='bbox 974 3594 1009 3656; x_wconf 75' lang='grc' dir='ltr'><strong>ς’</strong></span> <span class='ocrx_word' id='word_1_253' title='bbox 1043 3600 1100 3646; x_wconf 77' lang='lat' dir='ltr'><strong>ct</strong></span> <span class='ocrx_word' id='word_1_254' title='bbox 1118 3595 1173 3646; x_wconf 89' lang='lat' dir='ltr'><strong>in</strong></span> <span class='ocrx_word' id='word_1_255' title='bbox 1195 3611 1282 3662; x_wconf 85' lang='lat' dir='ltr'><strong>eo,</strong></span> 
     </span>
     <span class='ocr_line' id='line_1_45' title="bbox 196 3666 1282 3738; baseline 0.007 -21"><span class='ocrx_word' id='word_1_256' title='bbox 196 3666 349 3732; x_wconf 81' lang='lat' dir='ltr'><strong>quod</strong></span> <span class='ocrx_word' id='word_1_257' title='bbox 371 3679 441 3718; x_wconf 82' lang='lat' dir='ltr'><strong>ex</strong></span> <span class='ocrx_word' id='word_1_258' title='bbox 458 3667 625 3733; x_wconf 80' lang='lat' dir='ltr'><strong>ejusd.</strong></span> <span class='ocrx_word' id='word_1_259' title='bbox 644 3668 737 3720; x_wconf 84' lang='lat' dir='ltr'><strong>lib.</strong></span> <span class='ocrx_word' id='word_1_260' title='bbox 753 3682 843 3720; x_wconf 84' lang='grc' dir='ltr'><strong>ιιι.</strong></span> <span class='ocrx_word' id='word_1_261' title='bbox 861 3669 930 3721; x_wconf 85' lang='lat' dir='ltr'><strong>de</strong></span> <span class='ocrx_word' id='word_1_262' title='bbox 947 3670 1173 3738; x_wconf 85' lang='lat' dir='ltr'><strong>Republ.</strong></span> <span class='ocrx_word' id='word_1_263' title='bbox 1194 3674 1282 3725; x_wconf 84' lang='lat' dir='ltr'><strong>de-</strong></span> 
     </span>
     <span class='ocr_line' id='line_1_46' title="bbox 193 3742 1281 3817; baseline 0.006 -24"><span class='ocrx_word' id='word_1_264' title='bbox 193 3742 395 3794; x_wconf 65' lang='lat' dir='ltr'><strong>scribit</strong></span> <span class='ocrx_word' id='word_1_265' title='bbox 418 3743 727 3796; x_wconf 61' lang='lat' dir='ltr'><strong>lactantius</strong></span> <span class='ocrx_word' id='word_1_266' title='bbox 755 3759 831 3796; x_wconf 73' lang='lat' dir='ltr'><strong>vr.</strong></span> <span class='ocrx_word' id='word_1_267' title='bbox 851 3750 904 3799; x_wconf 80' lang='grc'><strong>8.</strong></span> <span class='ocrx_word' id='word_1_268' title='bbox 935 3748 954 3777; x_wconf 76' lang='lat'>⁸</span> <span class='ocrx_word' id='word_1_269' title='bbox 974 3747 1117 3800; x_wconf 82' lang='lat' dir='ltr'><strong>Huic</strong></span> <span class='ocrx_word' id='word_1_270' title='bbox 1149 3750 1281 3817; x_wconf 73' lang='lat' dir='ltr'><strong>Legi</strong></span> 
     </span>
     <span class='ocr_line' id='line_1_47' title="bbox 193 3819 1280 3892; baseline 0.006 -21"><span class='ocrx_word' id='word_1_271' title='bbox 193 3834 303 3872; x_wconf 76' lang='lat' dir='ltr'><strong>nec</strong></span> <span class='ocrx_word' id='word_1_272' title='bbox 325 3819 573 3887; x_wconf 72' lang='lat' dir='ltr'><strong>obrogari</strong></span> <span class='ocrx_word' id='word_1_273' title='bbox 595 3820 675 3873; x_wconf 67' lang='lat' dir='ltr'><strong>fas</strong></span> <span class='ocrx_word' id='word_1_274' title='bbox 696 3830 810 3887; x_wconf 85' lang='lat' dir='ltr'><strong>est3</strong></span> <span class='ocrx_word' id='word_1_275' title='bbox 842 3836 1008 3889; x_wconf 83' lang='lat' dir='ltr'><strong>neque</strong></span> <span class='ocrx_word' id='word_1_276' title='bbox 1042 3824 1280 3892; x_wconf 68' lang='lat' dir='ltr'><strong>derogari</strong></span> 
     </span>
     <span class='ocr_line' id='line_1_48' title="bbox 194 3897 1279 3967; baseline 0.007 -20"><span class='ocrx_word' id='word_1_277' title='bbox 194 3911 267 3948; x_wconf 83' lang='lat' dir='ltr'><strong>ex</strong></span> <span class='ocrx_word' id='word_1_278' title='bbox 289 3898 394 3948; x_wconf 80' lang='lat' dir='ltr'><strong>ha&#39;c</strong></span> <span class='ocrx_word' id='word_1_279' title='bbox 427 3897 626 3964; x_wconf 78' lang='lat' dir='ltr'><strong>aliquid</strong></span> <span class='ocrx_word' id='word_1_280' title='bbox 655 3899 815 3963; x_wconf 76' lang='lat' dir='ltr'><strong>licet3</strong></span> <span class='ocrx_word' id='word_1_281' title='bbox 847 3914 1019 3967; x_wconf 80' lang='lat' dir='ltr'><strong>neque</strong></span> <span class='ocrx_word' id='word_1_282' title='bbox 1053 3909 1168 3954; x_wconf 88' lang='lat' dir='ltr'><strong>tota</strong></span> <span class='ocrx_word' id='word_1_283' title='bbox 1189 3904 1279 3955; x_wconf 84' lang='lat' dir='ltr'><strong>ab·</strong></span> 
     </span>
     <span class='ocr_line' id='line_1_49' title="bbox 191 3973 1279 4044; baseline 0.006 -19"><span class='ocrx_word' id='word_1_284' title='bbox 191 3976 383 4041; x_wconf 64' lang='lat' dir='ltr'><strong>rogari</strong></span> <span class='ocrx_word' id='word_1_285' title='bbox 421 3973 640 4041; x_wconf 68' lang='lat' dir='ltr'><strong>potest?</strong></span> <span class='ocrx_word' id='word_1_286' title='bbox 704 3975 842 4028; x_wconf 82' lang='lat' dir='ltr'><strong>Nam</strong></span> <span class='ocrx_word' id='word_1_287' title='bbox 878 3976 1044 4044; x_wconf 53' lang='lat' dir='ltr'><strong>inibis</strong></span> <span class='ocrx_word' id='word_1_288' title='bbox 1081 3979 1279 4033; x_wconf 69' lang='lat' dir='ltr'><strong>friustra</strong></span> 
     </span>
     <span class='ocr_line' id='line_1_50' title="bbox 192 4052 1277 4120; baseline 0.009 -20"><span class='ocrx_word' id='word_1_289' title='bbox 192 4052 652 4118; x_wconf 76' lang='lat' dir='ltr'><strong>conjungerentur</strong></span> <span class='ocrx_word' id='word_1_290' title='bbox 680 4052 987 4120; x_wconf 74' lang='lat' dir='ltr'><strong>‘abrogare&#39;</strong></span> <span class='ocrx_word' id='word_1_291' title='bbox 1015 4062 1070 4107; x_wconf 86' lang='lat' dir='ltr'><strong>et</strong></span> <span class='ocrx_word' id='word_1_292' title='bbox 1091 4056 1277 4110; x_wconf 76' lang='lat' dir='ltr'><strong>‘obro-</strong></span> 
     </span>
     <span class='ocr_line' id='line_1_51' title="bbox 193 4127 1280 4200; baseline 0.01 -24"><span class='ocrx_word' id='word_1_293' title='bbox 193 4127 362 4192; x_wconf 77' lang='lat' dir='ltr'><strong>gare,&#39;</strong></span> <span class='ocrx_word' id='word_1_294' title='bbox 397 4128 448 4178; x_wconf 82' lang='lat' dir='ltr'><strong>si</strong></span> <span class='ocrx_word' id='word_1_295' title='bbox 481 4130 761 4196; x_wconf 85' lang='lat' dir='ltr'><strong>utrumqne</strong></span> <span class='ocrx_word' id='word_1_296' title='bbox 784 4140 922 4182; x_wconf 79' lang='lat' dir='ltr'><strong>esset</strong></span> <span class='ocrx_word' id='word_1_297' title='bbox 952 4132 1122 4198; x_wconf 77' lang='lat' dir='ltr'><strong>legem</strong></span> <span class='ocrx_word' id='word_1_298' title='bbox 1143 4137 1280 4200; x_wconf 84' lang='lat' dir='ltr'><strong>prio·</strong></span> 
     </span>
     <span class='ocr_line' id='line_1_52' title="bbox 191 4204 1276 4264; baseline 0.009 -10"><span class='ocrx_word' id='word_1_299' title='bbox 191 4218 311 4255; x_wconf 81' lang='lat' dir='ltr'><strong>rem</strong></span> <span class='ocrx_word' id='word_1_300' title='bbox 333 4210 512 4254; x_wconf 86' lang='lat' dir='ltr'><strong>totam</strong></span> <span class='ocrx_word' id='word_1_301' title='bbox 536 4204 719 4256; x_wconf 81' lang='lat' dir='ltr'><strong>tollere</strong></span> <span class='ocrx_word' id='word_1_302' title='bbox 737 4213 796 4259; x_wconf 85' lang='lat' dir='ltr'><strong>et</strong></span> <span class='ocrx_word' id='word_1_303' title='bbox 813 4207 1089 4261; x_wconf 75' lang='lat' dir='ltr'><strong>infirmare.</strong></span> <span class='ocrx_word' id='word_1_304' title='bbox 1125 4212 1276 4264; x_wconf 81' lang='lat' dir='ltr'><strong>Idem</strong></span> 
     </span>
     <span class='ocr_line' id='line_1_53' title="bbox 194 4278 1276 4356; baseline 0.011 -26"><span class='ocrx_word' id='word_1_305' title='bbox 194 4294 400 4332; x_wconf 76' lang='lat' dir='ltr'><strong>censeo</strong></span> <span class='ocrx_word' id='word_1_306' title='bbox 425 4278 497 4330; x_wconf 79' lang='lat' dir='ltr'><strong>de</strong></span> <span class='ocrx_word' id='word_1_307' title='bbox 519 4280 696 4333; x_wconf 77' lang='lat' dir='ltr'><strong>multis</strong></span> <span class='ocrx_word' id='word_1_308' title='bbox 717 4283 829 4335; x_wconf 81' lang='lat' dir='ltr'><strong>aliis</strong></span> <span class='ocrx_word' id='word_1_309' title='bbox 849 4286 994 4353; x_wconf 84' lang='lat' dir='ltr'><strong>locis,</strong></span> <span class='ocrx_word' id='word_1_310' title='bbox 1016 4287 1069 4340; x_wconf 86' lang='lat' dir='ltr'><strong>ln</strong></span> <span class='ocrx_word' id='word_1_311' title='bbox 1089 4290 1276 4356; x_wconf 81' lang='lat' dir='ltr'><strong>qulbus</strong></span> 
     </span>
    </p>
   </div>
   <div class='ocr_carea' id='block_1_6' title="bbox 1351 678 2465 4354">
    <p class='ocr_par' dir='ltr' id='par_1_6' title="bbox 1372 678 2465 2123">
     <span class='ocr_line' id='line_1_54' title="bbox 1390 678 2465 743; baseline 0.006 -15"><span class='ocrx_word' id='word_1_312' title='bbox 1390 678 1698 743; x_wconf 83' lang='lat' dir='ltr'><strong>quibusdam</strong></span> <span class='ocrx_word' id='word_1_313' title='bbox 1721 679 1851 730; x_wconf 88' lang='lat' dir='ltr'><strong>locis</strong></span> <span class='ocrx_word' id='word_1_314' title='bbox 1875 684 2134 743; x_wconf 83' lang='lat' dir='ltr'><strong>veterum,</strong></span> <span class='ocrx_word' id='word_1_315' title='bbox 2153 678 2243 730; x_wconf 88' lang='lat' dir='ltr'><strong>ubi</strong></span> <span class='ocrx_word' id='word_1_316' title='bbox 2266 680 2331 731; x_wconf 82' lang='lat' dir='ltr'><strong>de</strong></span> <span class='ocrx_word' id='word_1_317' title='bbox 2349 688 2465 734; x_wconf 89' lang='lat' dir='ltr'><strong>tota</strong></span> 
     </span>
     <span class='ocr_line' id='line_1_55' title="bbox 1388 754 2463 823; baseline 0.007 -17"><span class='ocrx_word' id='word_1_318' title='bbox 1388 754 1508 822; x_wconf 80' lang='lat' dir='ltr'><strong>lege</strong></span> <span class='ocrx_word' id='word_1_319' title='bbox 1528 756 1733 808; x_wconf 83' lang='lat' dir='ltr'><strong>sublata</strong></span> <span class='ocrx_word' id='word_1_320' title='bbox 1754 756 1946 823; x_wconf 84' lang='lat' dir='ltr'><strong>agitur,</strong></span> <span class='ocrx_word' id='word_1_321' title='bbox 1977 758 2110 808; x_wconf 87' lang='lat' dir='ltr'><strong>utin</strong></span> <span class='ocrx_word' id='word_1_322' title='bbox 2135 757 2245 807; x_wconf 84' lang='lat' dir='ltr'><strong>Liv.</strong></span> <span class='ocrx_word' id='word_1_323' title='bbox 2268 770 2351 808; x_wconf 79' lang='lat' dir='ltr'><strong>rx.</strong></span> <span class='ocrx_word' id='word_1_324' title='bbox 2376 763 2463 812; x_wconf 75' lang='lat' dir='ltr'><strong>u.</strong></span> 
     </span>
     <span class='ocr_line' id='line_1_56' title="bbox 1387 830 2461 903; baseline 0.001 -19"><span class='ocrx_word' id='word_1_325' title='bbox 1387 840 1443 884; x_wconf 86' lang='lat' dir='ltr'><strong>et</strong></span> <span class='ocrx_word' id='word_1_326' title='bbox 1465 834 1615 886; x_wconf 84' lang='lat' dir='ltr'><strong>Suet.</strong></span> <span class='ocrx_word' id='word_1_327' title='bbox 1642 835 1774 886; x_wconf 81' lang='lat' dir='ltr'><strong>Caes.</strong></span> <span class='ocrx_word' id='word_1_328' title='bbox 1797 846 2001 885; x_wconf 79' lang='lat' dir='ltr'><strong>xxvm.</strong></span> <span class='ocrx_word' id='word_1_329' title='bbox 2034 832 2264 896; x_wconf 69' lang='lat' dir='ltr'><strong>obrogare</strong></span> <span class='ocrx_word' id='word_1_330' title='bbox 2282 830 2461 903; x_wconf 77' lang='lat' dir='ltr'><strong>legen·</strong></span> 
     </span>
     <span class='ocr_line' id='line_1_57' title="bbox 1388 910 2459 981; baseline 0.003 -18"><span class='ocrx_word' id='word_1_331' title='bbox 1388 910 1510 964; x_wconf 82' lang='lat' dir='ltr'><strong>dnm</strong></span> <span class='ocrx_word' id='word_1_332' title='bbox 1535 913 1876 979; x_wconf 85' lang='lat' dir='ltr'><strong>contendant,</strong></span> <span class='ocrx_word' id='word_1_333' title='bbox 1908 928 2006 981; x_wconf 88' lang='lat' dir='ltr'><strong>pro</strong></span> <span class='ocrx_word' id='word_1_334' title='bbox 2038 912 2288 976; x_wconf 74' lang='lat' dir='ltr'><strong>abrogare.</strong></span> <span class='ocrx_word' id='word_1_335' title='bbox 2353 915 2459 966; x_wconf 86' lang='lat' dir='ltr'><strong>Hic</strong></span> 
     </span>
     <span class='ocr_line' id='line_1_58' title="bbox 1387 988 2464 1055; baseline 0.003 -15"><span class='ocrx_word' id='word_1_336' title='bbox 1387 988 1596 1055; x_wconf 85' lang='lat' dir='ltr'><strong>quidem</strong></span> <span class='ocrx_word' id='word_1_337' title='bbox 1629 990 1857 1054; x_wconf 74' lang='lat' dir='ltr'><strong>obrogare</strong></span> <span class='ocrx_word' id='word_1_338' title='bbox 1891 990 2075 1053; x_wconf 71' lang='lat' dir='ltr'><strong>leg-ibus</strong></span> <span class='ocrx_word' id='word_1_339' title='bbox 2094 989 2326 1042; x_wconf 83' lang='lat' dir='ltr'><strong>Gracchi</strong></span> <span class='ocrx_word' id='word_1_340' title='bbox 2359 998 2464 1055; x_wconf 81' lang='lat' dir='ltr'><strong>cst,</strong></span> 
     </span>
     <span class='ocr_line' id='line_1_59' title="bbox 1386 1068 2460 1134; baseline 0.001 -16"><span class='ocrx_word' id='word_1_341' title='bbox 1386 1082 1477 1118; x_wconf 85' lang='lat' dir='ltr'><strong>eas</strong></span> <span class='ocrx_word' id='word_1_342' title='bbox 1508 1068 1629 1134; x_wconf 79' lang='lat' dir='ltr'><strong>lege</strong></span> <span class='ocrx_word' id='word_1_343' title='bbox 1665 1068 1929 1120; x_wconf 85' lang='lat' dir='ltr'><strong>contraria</strong></span> <span class='ocrx_word' id='word_1_344' title='bbox 1957 1068 2171 1119; x_wconf 83' lang='lat' dir='ltr'><strong>tollere:</strong></span> <span class='ocrx_word' id='word_1_345' title='bbox 2205 1081 2321 1118; x_wconf 87' lang='lat' dir='ltr'><strong>nam</strong></span> <span class='ocrx_word' id='word_1_346' title='bbox 2354 1069 2460 1119; x_wconf 76' lang='lat' dir='ltr'><strong>Mi-</strong></span> 
     </span>
     <span class='ocr_line' id='line_1_60' title="bbox 1384 1144 2460 1211; baseline 0.002 -16"><span class='ocrx_word' id='word_1_347' title='bbox 1384 1145 1567 1197; x_wconf 89' lang='lat' dir='ltr'><strong>nucius</strong></span> <span class='ocrx_word' id='word_1_348' title='bbox 1588 1161 1655 1199; x_wconf 84' lang='lat' dir='ltr'><strong>ex</strong></span> <span class='ocrx_word' id='word_1_349' title='bbox 1686 1145 1829 1197; x_wconf 84' lang='lat' dir='ltr'><strong>scto</strong></span> <span class='ocrx_word' id='word_1_350' title='bbox 1860 1147 2030 1211; x_wconf 78' lang='lat' dir='ltr'><strong>legem</strong></span> <span class='ocrx_word' id='word_1_351' title='bbox 2067 1145 2190 1196; x_wconf 88' lang='lat' dir='ltr'><strong>tulit</strong></span> <span class='ocrx_word' id='word_1_352' title='bbox 2222 1144 2286 1197; x_wconf 84' lang='lat' dir='ltr'><strong>de</strong></span> <span class='ocrx_word' id='word_1_353' title='bbox 2309 1146 2460 1198; x_wconf 83' lang='lat' dir='ltr'><strong>abro·&#39;</strong></span> 
     </span>
     <span class='ocr_line' id='line_1_61' title="bbox 1385 1221 2456 1289; baseline 0.003 -17"><span class='ocrx_word' id='word_1_354' title='bbox 1385 1221 1568 1289; x_wconf 74' lang='lat' dir='ltr'><strong>gaudis</strong></span> <span class='ocrx_word' id='word_1_355' title='bbox 1601 1222 1862 1274; x_wconf 73' lang='lat' dir='ltr'><strong>nonnullis</strong></span> <span class='ocrx_word' id='word_1_356' title='bbox 1884 1222 2087 1288; x_wconf 83' lang='lat' dir='ltr'><strong>legibus</strong></span> <span class='ocrx_word' id='word_1_357' title='bbox 2123 1222 2181 1274; x_wconf 82' lang='lat' dir='ltr'><strong>C.</strong></span> <span class='ocrx_word' id='word_1_358' title='bbox 2209 1222 2456 1276; x_wconf 76' lang='lat' dir='ltr'><strong>Gracchi.</strong></span> 
     </span>
     <span class='ocr_line' id='line_1_62' title="bbox 1380 1299 2459 1368; baseline 0 -16"><span class='ocrx_word' id='word_1_359' title='bbox 1380 1299 1486 1352; x_wconf 80' lang='lat' dir='ltr'><strong>Sed</strong></span> <span class='ocrx_word' id='word_1_360' title='bbox 1538 1316 1710 1368; x_wconf 86' lang='lat' dir='ltr'><strong>neque</strong></span> <span class='ocrx_word' id='word_1_361' title='bbox 1763 1306 1964 1353; x_wconf 84' lang='lat' dir='ltr'><strong>certum</strong></span> <span class='ocrx_word' id='word_1_362' title='bbox 2005 1309 2086 1352; x_wconf 80' lang='lat' dir='ltr'><strong>est</strong></span> <span class='ocrx_word' id='word_1_363' title='bbox 2124 1300 2337 1351; x_wconf 85' lang='lat' dir='ltr'><strong>Florum</strong></span> <span class='ocrx_word' id='word_1_364' title='bbox 2380 1301 2459 1352; x_wconf 85' lang='lat' dir='ltr'><strong>lta</strong></span> 
     </span>
     <span class='ocr_line' id='line_1_63' title="bbox 1380 1376 2456 1444; baseline 0.003 -16"><span class='ocrx_word' id='word_1_365' title='bbox 1380 1377 1684 1443; x_wconf 81' lang='lat' dir='ltr'><strong>scripsisse3</strong></span> <span class='ocrx_word' id='word_1_366' title='bbox 1719 1382 1795 1444; x_wconf 88' lang='lat' dir='ltr'><strong>et,</strong></span> <span class='ocrx_word' id='word_1_367' title='bbox 1829 1376 1873 1427; x_wconf 86' lang='lat' dir='ltr'><strong>si</strong></span> <span class='ocrx_word' id='word_1_368' title='bbox 1910 1377 1994 1428; x_wconf 82' lang='lat' dir='ltr'><strong>vel</strong></span> <span class='ocrx_word' id='word_1_369' title='bbox 2027 1378 2253 1428; x_wconf 86' lang='lat' dir='ltr'><strong>maxime</strong></span> <span class='ocrx_word' id='word_1_370' title='bbox 2290 1378 2356 1428; x_wconf 85' lang='lat' dir='ltr'><strong>de</strong></span> <span class='ocrx_word' id='word_1_371' title='bbox 2390 1392 2456 1433; x_wconf 87' lang='lat' dir='ltr'><strong>eo</strong></span> 
     </span>
     <span class='ocr_line' id='line_1_64' title="bbox 1382 1452 2454 1522; baseline 0 -17"><span class='ocrx_word' id='word_1_372' title='bbox 1382 1460 1668 1522; x_wconf 82' lang='lat' dir='ltr'><strong>constaret,</strong></span> <span class='ocrx_word' id='word_1_373' title='bbox 1696 1462 1870 1506; x_wconf 85' lang='lat' dir='ltr'><strong>tamen</strong></span> <span class='ocrx_word' id='word_1_374' title='bbox 1903 1452 2007 1505; x_wconf 76' lang='lat' dir='ltr'><strong>non</strong></span> <span class='ocrx_word' id='word_1_375' title='bbox 2039 1469 2280 1519; x_wconf 75' lang='lat' dir='ltr'><strong>magnam</strong></span> <span class='ocrx_word' id='word_1_376' title='bbox 2315 1454 2454 1505; x_wconf 78' lang='lat' dir='ltr'><strong>illins</strong></span> 
     </span>
     <span class='ocr_line' id='line_1_65' title="bbox 1380 1530 2454 1599; baseline 0.001 -17"><span class='ocrx_word' id='word_1_377' title='bbox 1380 1534 1639 1585; x_wconf 80' lang='lat' dir='ltr'><strong>rationem</strong></span> <span class='ocrx_word' id='word_1_378' title='bbox 1711 1531 2003 1584; x_wconf 83' lang='lat' dir='ltr'><strong>habendam</strong></span> <span class='ocrx_word' id='word_1_379' title='bbox 2081 1530 2454 1599; x_wconf 81' lang='lat' dir='ltr'><strong>existimarem,</strong></span> 
     </span>
     <span class='ocr_line' id='line_1_66' title="bbox 1380 1608 2454 1676; baseline 0.001 -16"><span class='ocrx_word' id='word_1_380' title='bbox 1380 1608 1624 1675; x_wconf 85' lang='lat' dir='ltr'><strong>quamdiu</strong></span> <span class='ocrx_word' id='word_1_381' title='bbox 1657 1625 1761 1661; x_wconf 89' lang='lat' dir='ltr'><strong>non</strong></span> <span class='ocrx_word' id='word_1_382' title='bbox 1785 1608 2129 1676; x_wconf 81' lang='lat' dir='ltr'><strong>proferuntur</strong></span> <span class='ocrx_word' id='word_1_383' title='bbox 2158 1608 2454 1661; x_wconf 84' lang='lat' dir='ltr'><strong>indubitata</strong></span> 
     </span>
     <span class='ocr_line' id='line_1_67' title="bbox 1380 1685 2456 1753; baseline 0.001 -17"><span class='ocrx_word' id='word_1_384' title='bbox 1380 1687 1678 1739; x_wconf 75' lang='lat' dir='ltr'><strong>testimonla</strong></span> <span class='ocrx_word' id='word_1_385' title='bbox 1721 1687 2050 1753; x_wconf 83' lang='lat' dir='ltr'><strong>Scriptorum</strong></span> <span class='ocrx_word' id='word_1_386' title='bbox 2092 1685 2456 1753; x_wconf 81' lang='lat' dir='ltr'><strong>probatorum,</strong></span> 
     </span>
     <span class='ocr_line' id='line_1_68' title="bbox 1379 1762 2452 1831; baseline 0.001 -17"><span class='ocrx_word' id='word_1_387' title='bbox 1379 1764 1470 1829; x_wconf 91' lang='lat' dir='ltr'><strong>qni</strong></span> <span class='ocrx_word' id='word_1_388' title='bbox 1503 1765 1521 1793; x_wconf 89' lang='lat'>‘</span> <span class='ocrx_word' id='word_1_389' title='bbox 1541 1764 1797 1831; x_wconf 80' lang='lat' dir='ltr'><strong>obrogare</strong></span> <span class='ocrx_word' id='word_1_390' title='bbox 1820 1762 1948 1830; x_wconf 77' lang='lat' dir='ltr'><strong>legi&#39;</strong></span> <span class='ocrx_word' id='word_1_391' title='bbox 1976 1762 2209 1814; x_wconf 84' lang='lat' dir='ltr'><strong>dixerint</strong></span> <span class='ocrx_word' id='word_1_392' title='bbox 2231 1778 2348 1829; x_wconf 90' lang='lat' dir='ltr'><strong>pro,</strong></span> <span class='ocrx_word' id='word_1_393' title='bbox 2372 1771 2452 1815; x_wconf 89' lang='lat' dir='ltr'><strong>to·</strong></span> 
     </span>
     <span class='ocr_line' id='line_1_69' title="bbox 1377 1839 2450 1908; baseline 0 -17"><span class='ocrx_word' id='word_1_394' title='bbox 1377 1846 1486 1891; x_wconf 88' lang='lat' dir='ltr'><strong>tam</strong></span> <span class='ocrx_word' id='word_1_395' title='bbox 1508 1842 1675 1908; x_wconf 85' lang='lat' dir='ltr'><strong>legem</strong></span> <span class='ocrx_word' id='word_1_396' title='bbox 1693 1842 1877 1893; x_wconf 86' lang='lat' dir='ltr'><strong>tollere</strong></span> <span class='ocrx_word' id='word_1_397' title='bbox 1896 1847 1950 1891; x_wconf 87' lang='lat' dir='ltr'><strong>et</strong></span> <span class='ocrx_word' id='word_1_398' title='bbox 1970 1839 2254 1891; x_wconf 80' lang='lat' dir='ltr'><strong>infirmare.</strong></span> <span class='ocrx_word' id='word_1_399' title='bbox 2301 1842 2319 1869; x_wconf 88' lang='lat'>‘</span> <span class='ocrx_word' id='word_1_400' title='bbox 2340 1839 2450 1892; x_wconf 87' lang='lat' dir='ltr'><strong>Ob·</strong></span> 
     </span>
     <span class='ocr_line' id='line_1_70' title="bbox 1376 1914 2451 1983; baseline 0.002 -17"><span class='ocrx_word' id='word_1_401' title='bbox 1376 1928 1564 1983; x_wconf 84' lang='lat' dir='ltr'><strong>rogare</strong></span> <span class='ocrx_word' id='word_1_402' title='bbox 1588 1917 1656 1970; x_wconf 82' lang='lat' dir='ltr'><strong>de</strong></span> <span class='ocrx_word' id='word_1_403' title='bbox 1688 1915 1920 1983; x_wconf 82' lang='lat' dir='ltr'><strong>legibus’</strong></span> <span class='ocrx_word' id='word_1_404' title='bbox 1952 1923 2033 1968; x_wconf 84' lang='lat' dir='ltr'><strong>est</strong></span> <span class='ocrx_word' id='word_1_405' title='bbox 2064 1914 2161 1967; x_wconf 79' lang='lat' dir='ltr'><strong>inf.</strong></span> <span class='ocrx_word' id='word_1_406' title='bbox 2182 1929 2230 1966; x_wconf 89' lang='lat' dir='ltr'><strong>c.</strong></span> <span class='ocrx_word' id='word_1_407' title='bbox 2253 1920 2332 1966; x_wconf 80' lang='grc'><strong>17.</strong></span> <span class='ocrx_word' id='word_1_408' title='bbox 2355 1915 2451 1968; x_wconf 82' lang='lat' dir='ltr'><strong>sed</strong></span> 
     </span>
     <span class='ocr_line' id='line_1_71' title="bbox 1373 1992 2449 2062; baseline 0.002 -19"><span class='ocrx_word' id='word_1_409' title='bbox 1373 1992 1449 2044; x_wconf 86' lang='lat' dir='ltr'><strong>ibi</strong></span> <span class='ocrx_word' id='word_1_410' title='bbox 1472 2010 1576 2049; x_wconf 88' lang='lat' dir='ltr'><strong>non</strong></span> <span class='ocrx_word' id='word_1_411' title='bbox 1599 1994 1765 2046; x_wconf 80' lang='lat' dir='ltr'><strong>minus</strong></span> <span class='ocrx_word' id='word_1_412' title='bbox 1787 1994 2046 2062; x_wconf 79' lang='lat' dir='ltr'><strong>scriptura</strong></span> <span class='ocrx_word' id='word_1_413' title='bbox 2074 1992 2261 2054; x_wconf 78' lang='lat' dir='ltr'><strong>variat,</strong></span> <span class='ocrx_word' id='word_1_414' title='bbox 2292 2006 2449 2061; x_wconf 88' lang='lat' dir='ltr'><strong>qnam</strong></span> 
     </span>
     <span class='ocr_line' id='line_1_72' title="bbox 1372 2069 1624 2123; baseline 0.012 -3"><span class='ocrx_word' id='word_1_415' title='bbox 1372 2069 1624 2123; x_wconf 88' lang='lat' dir='ltr'><strong>hocloco.</strong></span> 
     </span>
    </p>

    <p class='ocr_par' dir='ltr' id='par_1_7' title="bbox 1362 2147 2461 3037">
     <span class='ocr_line' id='line_1_73' title="bbox 1437 2147 2448 2214; baseline 0.003 -17"><span class='ocrx_word' id='word_1_416' title='bbox 1437 2148 1835 2210; x_wconf 71' lang='lat' dir='ltr'><strong>Fatalesamiliae</strong></span> <span class='ocrx_word' id='word_1_417' title='bbox 1866 2163 1964 2198; x_wconf 70' lang='grc' dir='ltr'><strong>σιω</strong></span> <span class='ocrx_word' id='word_1_418' title='bbox 2000 2147 2317 2214; x_wconf 64' lang='lat' dir='ltr'><strong>Capitolina]</strong></span> <span class='ocrx_word' id='word_1_419' title='bbox 2359 2148 2448 2200; x_wconf 86' lang='lat' dir='ltr'><strong>Sic</strong></span> 
     </span>
     <span class='ocr_line' id='line_1_74' title="bbox 1372 2223 2445 2290; baseline 0.003 -16"><span class='ocrx_word' id='word_1_420' title='bbox 1372 2238 1515 2290; x_wconf 88' lang='lat' dir='ltr'><strong>supr.</strong></span> <span class='ocrx_word' id='word_1_421' title='bbox 1557 2230 1605 2288; x_wconf 90' lang='lat'><strong>1,</strong></span> <span class='ocrx_word' id='word_1_422' title='bbox 1638 2230 1721 2288; x_wconf 76' lang='lat'><strong>14,</strong></span> <span class='ocrx_word' id='word_1_423' title='bbox 1758 2229 1808 2275; x_wconf 80' lang='grc'><strong>7.</strong></span> <span class='ocrx_word' id='word_1_424' title='bbox 1864 2224 2195 2276; x_wconf 84' lang='lat' dir='ltr'><strong>‘Solemnem</strong></span> <span class='ocrx_word' id='word_1_425' title='bbox 2233 2223 2445 2277; x_wconf 79' lang='lat' dir='ltr'><strong>familiae</strong></span> 
     </span>
     <span class='ocr_line' id='line_1_75' title="bbox 1369 2297 2447 2365; baseline 0.004 -17"><span class='ocrx_word' id='word_1_426' title='bbox 1369 2313 1474 2350; x_wconf 80' lang='lat' dir='ltr'><strong>suae</strong></span> <span class='ocrx_word' id='word_1_427' title='bbox 1509 2299 1990 2364; x_wconf 57' lang='lat' dir='ltr'><strong>consecrationemss</strong></span> <span class='ocrx_word' id='word_1_428' title='bbox 2025 2305 2082 2351; x_wconf 85' lang='lat' dir='ltr'><strong>et</strong></span> <span class='ocrx_word' id='word_1_429' title='bbox 2120 2297 2213 2352; x_wconf 73' lang='lat' dir='ltr'><strong>inf.</strong></span> <span class='ocrx_word' id='word_1_430' title='bbox 2245 2304 2299 2364; x_wconf 76' lang='grc' dir='ltr'><strong>Δ,</strong></span> <span class='ocrx_word' id='word_1_431' title='bbox 2319 2305 2373 2365; x_wconf 80' lang='grc'><strong>’1,</strong></span> <span class='ocrx_word' id='word_1_432' title='bbox 2395 2304 2447 2352; x_wconf 74' lang='lat' dir='ltr'><strong>o.</strong></span> 
     </span>
     <span class='ocr_line' id='line_1_76' title="bbox 1367 2374 2445 2443; baseline 0.003 -17"><span class='ocrx_word' id='word_1_433' title='bbox 1367 2374 1385 2404; x_wconf 82' lang='lat'>‘</span> <span class='ocrx_word' id='word_1_434' title='bbox 1404 2376 1598 2427; x_wconf 79' lang='lat' dir='ltr'><strong>Fatalis</strong></span> <span class='ocrx_word' id='word_1_435' title='bbox 1633 2377 1730 2428; x_wconf 87' lang='lat' dir='ltr'><strong>Cn.</strong></span> <span class='ocrx_word' id='word_1_436' title='bbox 1753 2375 2011 2442; x_wconf 86' lang='lat' dir='ltr'><strong>Pompeio</strong></span> <span class='ocrx_word' id='word_1_437' title='bbox 2040 2374 2276 2426; x_wconf 61' lang='lat' dir='ltr'><strong>harena?</strong></span> <span class='ocrx_word' id='word_1_438' title='bbox 2339 2377 2445 2443; x_wconf 77' lang='lat' dir='ltr'><strong>Ap.</strong></span> 
     </span>
     <span class='ocr_line' id='line_1_77' title="bbox 1367 2452 2447 2518; baseline -0.001 -15"><span class='ocrx_word' id='word_1_439' title='bbox 1367 2452 1565 2504; x_wconf 88' lang='lat' dir='ltr'><strong>Lucan.</strong></span> <span class='ocrx_word' id='word_1_440' title='bbox 1606 2457 1656 2504; x_wconf 80' lang='grc'><strong>7.</strong></span> <span class='ocrx_word' id='word_1_441' title='bbox 1696 2456 1809 2503; x_wconf 81' lang='grc'><strong>691.</strong></span> <span class='ocrx_word' id='word_1_442' title='bbox 1842 2454 1859 2482; x_wconf 88' lang='lat'>‘</span> <span class='ocrx_word' id='word_1_443' title='bbox 1882 2452 2092 2503; x_wconf 81' lang='lat' dir='ltr'><strong>Fatales</strong></span> <span class='ocrx_word' id='word_1_444' title='bbox 2136 2452 2447 2518; x_wconf 69' lang='lat' dir='ltr'><strong>Philippos!</strong></span> 
     </span>
     <span class='ocr_line' id='line_1_78' title="bbox 1368 2528 2446 2594; baseline -0.001 -15"><span class='ocrx_word' id='word_1_445' title='bbox 1368 2529 1470 2594; x_wconf 85' lang='lat' dir='ltr'><strong>Ap.</strong></span> <span class='ocrx_word' id='word_1_446' title='bbox 1508 2531 1653 2580; x_wconf 79' lang='lat' dir='ltr'><strong>Suet.</strong></span> <span class='ocrx_word' id='word_1_447' title='bbox 1694 2528 1830 2580; x_wconf 78' lang='lat' dir='ltr'><strong>Caes.</strong></span> <span class='ocrx_word' id='word_1_448' title='bbox 1864 2533 1948 2579; x_wconf 77' lang='lat'><strong>59.</strong></span> <span class='ocrx_word' id='word_1_449' title='bbox 1981 2533 2033 2578; x_wconf 77' lang='lat'><strong>4.</strong></span> <span class='ocrx_word' id='word_1_450' title='bbox 2067 2528 2366 2579; x_wconf 82' lang='lat' dir='ltr'><strong>‘Invictum</strong></span> <span class='ocrx_word' id='word_1_451' title='bbox 2390 2528 2446 2579; x_wconf 79' lang='lat' dir='ltr'><strong>in</strong></span> 
     </span>
     <span class='ocr_line' id='line_1_79' title="bbox 1365 2603 2461 2670; baseline -0.001 -14"><span class='ocrx_word' id='word_1_452' title='bbox 1365 2604 1550 2656; x_wconf 81' lang='lat' dir='ltr'><strong>Africa</strong></span> <span class='ocrx_word' id='word_1_453' title='bbox 1591 2603 1827 2656; x_wconf 81' lang='lat' dir='ltr'><strong>fataliter</strong></span> <span class='ocrx_word' id='word_1_454' title='bbox 1864 2603 2171 2670; x_wconf 82' lang='lat' dir='ltr'><strong>Scipionum</strong></span> <span class='ocrx_word' id='word_1_455' title='bbox 2212 2605 2461 2655; x_wconf 69' lang='lat' dir='ltr'><strong>nomen!-</strong></span> 
     </span>
     <span class='ocr_line' id='line_1_80' title="bbox 1368 2680 2442 2748; baseline 0.001 -16"><span class='ocrx_word' id='word_1_456' title='bbox 1368 2680 1672 2732; x_wconf 85' lang='lat' dir='ltr'><strong>Credcbant</strong></span> <span class='ocrx_word' id='word_1_457' title='bbox 1705 2681 1844 2732; x_wconf 85' lang='lat' dir='ltr'><strong>enim</strong></span> <span class='ocrx_word' id='word_1_458' title='bbox 1875 2686 2107 2747; x_wconf 77' lang='lat' dir='ltr'><strong>veteres,</strong></span> <span class='ocrx_word' id='word_1_459' title='bbox 2128 2680 2442 2748; x_wconf 78' lang='lat' dir='ltr'><strong>quibusdam</strong></span> 
     </span>
     <span class='ocr_line' id='line_1_81' title="bbox 1365 2757 2444 2823; baseline 0.002 -15"><span class='ocrx_word' id='word_1_460' title='bbox 1365 2758 1636 2822; x_wconf 81' lang='lat' dir='ltr'><strong>gentibus,</strong></span> <span class='ocrx_word' id='word_1_461' title='bbox 1687 2757 1917 2821; x_wconf 79' lang='lat' dir='ltr'><strong>familiis,</strong></span> <span class='ocrx_word' id='word_1_462' title='bbox 1959 2757 2273 2823; x_wconf 82' lang='lat' dir='ltr'><strong>hominibus,</strong></span> <span class='ocrx_word' id='word_1_463' title='bbox 2322 2760 2444 2810; x_wconf 87' lang='lat' dir='ltr'><strong>loca</strong></span> 
     </span>
     <span class='ocr_line' id='line_1_82' title="bbox 1362 2831 2441 2901; baseline 0.006 -19"><span class='ocrx_word' id='word_1_464' title='bbox 1362 2834 1466 2883; x_wconf 88' lang='lat' dir='ltr'><strong>alia</strong></span> <span class='ocrx_word' id='word_1_465' title='bbox 1490 2834 1603 2883; x_wconf 76' lang='lat' dir='ltr'><strong>aliis</strong></span> <span class='ocrx_word' id='word_1_466' title='bbox 1625 2831 1859 2884; x_wconf 81' lang='lat' dir='ltr'><strong>feliciora</strong></span> <span class='ocrx_word' id='word_1_467' title='bbox 1879 2849 2017 2898; x_wconf 86' lang='lat' dir='ltr'><strong>esse,</strong></span> <span class='ocrx_word' id='word_1_468' title='bbox 2050 2841 2141 2885; x_wconf 90' lang='lat' dir='ltr'><strong>aut</strong></span> <span class='ocrx_word' id='word_1_469' title='bbox 2166 2835 2441 2901; x_wconf 79' lang='lat' dir='ltr'><strong>iniquiora.</strong></span> 
     </span>
     <span class='ocr_line' id='line_1_83' title="bbox 1364 2909 2440 2976; baseline 0.005 -17"><span class='ocrx_word' id='word_1_470' title='bbox 1364 2909 1589 2961; x_wconf 51' lang='lat' dir='ltr'><strong>steina.</strong></span> <span class='ocrx_word' id='word_1_471' title='bbox 1654 2909 1739 2960; x_wconf 82' lang='lat' dir='ltr'><strong>De</strong></span> <span class='ocrx_word' id='word_1_472' title='bbox 1774 2910 2007 2961; x_wconf 83' lang='lat' dir='ltr'><strong>Minucio</strong></span> <span class='ocrx_word' id='word_1_473' title='bbox 2044 2910 2149 2962; x_wconf 81' lang='lat' dir='ltr'><strong>vid.</strong></span> <span class='ocrx_word' id='word_1_474' title='bbox 2189 2909 2343 2976; x_wconf 79' lang='lat' dir='ltr'><strong>Pigh.</strong></span> <span class='ocrx_word' id='word_1_475' title='bbox 2385 2913 2440 2963; x_wconf 89' lang='lat' dir='ltr'><strong>in</strong></span> 
     </span>
     <span class='ocr_line' id='line_1_84' title="bbox 1362 2984 1963 3037; baseline 0.003 -2"><span class='ocrx_word' id='word_1_476' title='bbox 1362 2984 1555 3036; x_wconf 83' lang='lat' dir='ltr'><strong>Annal.</strong></span> <span class='ocrx_word' id='word_1_477' title='bbox 1580 2986 1646 3036; x_wconf 86' lang='lat' dir='ltr'><strong>ad</strong></span> <span class='ocrx_word' id='word_1_478' title='bbox 1670 2985 1735 3037; x_wconf 87' lang='lat' dir='ltr'><strong>A.</strong></span> <span class='ocrx_word' id='word_1_479' title='bbox 1755 2985 1824 3037; x_wconf 79' lang='lat' dir='ltr'><strong>U.</strong></span> <span class='ocrx_word' id='word_1_480' title='bbox 1845 2990 1963 3037; x_wconf 73' lang='lat'><strong>⁶⁸2.</strong></span> 
     </span>
    </p>

    <p class='ocr_par' dir='ltr' id='par_1_8' title="bbox 1356 3062 2440 3578">
     <span class='ocr_line' id='line_1_85' title="bbox 1426 3062 2438 3131; baseline 0.002 -17"><span class='ocrx_word' id='word_1_481' title='bbox 1426 3064 1472 3128; x_wconf 63' lang='grc' dir='ltr'><strong>ξ.</strong></span> <span class='ocrx_word' id='word_1_482' title='bbox 1498 3068 1529 3112; x_wconf 78' lang='grc'><strong><em>6</em></strong></span> <span class='ocrx_word' id='word_1_483' title='bbox 1566 3062 1708 3127; x_wconf 74' lang='lat' dir='ltr'><strong>Inde]</strong></span> <span class='ocrx_word' id='word_1_484' title='bbox 1757 3064 1888 3114; x_wconf 82' lang='lat' dir='ltr'><strong>Cum</strong></span> <span class='ocrx_word' id='word_1_485' title='bbox 1924 3076 2044 3114; x_wconf 84' lang='lat' dir='ltr'><strong>mox</strong></span> <span class='ocrx_word' id='word_1_486' title='bbox 2078 3070 2331 3130; x_wconf 83' lang='lat' dir='ltr'><strong>sequatur</strong></span> <span class='ocrx_word' id='word_1_487' title='bbox 2351 3080 2438 3131; x_wconf 57' lang='lat' dir='ltr'><strong>ea:</strong></span> 
     </span>
     <span class='ocr_line' id='line_1_86' title="bbox 1361 3138 2440 3204; baseline 0.005 -16"><span class='ocrx_word' id='word_1_488' title='bbox 1361 3138 1483 3189; x_wconf 85' lang='lat' dir='ltr'><strong>dem</strong></span> <span class='ocrx_word' id='word_1_489' title='bbox 1505 3139 1691 3204; x_wconf 84' lang='lat' dir='ltr'><strong>dictio,</strong></span> <span class='ocrx_word' id='word_1_490' title='bbox 1720 3139 2011 3203; x_wconf 68' lang='grc' dir='ltr'><strong>κακοφονίας</strong></span> <span class='ocrx_word' id='word_1_491' title='bbox 2032 3139 2257 3192; x_wconf 73' lang='lat' dir='ltr'><strong>vitandae</strong></span> <span class='ocrx_word' id='word_1_492' title='bbox 2291 3155 2440 3193; x_wconf 78' lang='lat' dir='ltr'><strong>caus·</strong></span> 
     </span>
     <span class='ocr_line' id='line_1_87' title="bbox 1356 3215 2437 3281; baseline 0.006 -17"><span class='ocrx_word' id='word_1_493' title='bbox 1356 3230 1434 3279; x_wconf 86' lang='lat' dir='ltr'><strong>sa,</strong></span> <span class='ocrx_word' id='word_1_494' title='bbox 1464 3216 1636 3266; x_wconf 86' lang='lat' dir='ltr'><strong>malim</strong></span> <span class='ocrx_word' id='word_1_495' title='bbox 1667 3215 1771 3281; x_wconf 81' lang='lat' dir='ltr'><strong>hic,</strong></span> <span class='ocrx_word' id='word_1_496' title='bbox 1815 3217 1968 3268; x_wconf 75' lang='lat' dir='ltr'><strong>Unde.</strong></span> <span class='ocrx_word' id='word_1_497' title='bbox 2003 3216 2238 3269; x_wconf 83' lang='lat' dir='ltr'><strong>Freinsh.</strong></span> <span class='ocrx_word' id='word_1_498' title='bbox 2304 3217 2437 3270; x_wconf 83' lang='lat' dir='ltr'><strong>Vos·</strong></span> 
     </span>
     <span class='ocr_line' id='line_1_88' title="bbox 1360 3292 2435 3360; baseline 0.004 -17"><span class='ocrx_word' id='word_1_499' title='bbox 1360 3292 1465 3344; x_wconf 77' lang='lat' dir='ltr'><strong>slus</strong></span> <span class='ocrx_word' id='word_1_500' title='bbox 1492 3293 1557 3344; x_wconf 81' lang='lat' dir='ltr'><strong>ad</strong></span> <span class='ocrx_word' id='word_1_501' title='bbox 1579 3294 1718 3344; x_wconf 79' lang='lat' dir='ltr'><strong>Veii.</strong></span> <span class='ocrx_word' id='word_1_502' title='bbox 1741 3307 1805 3345; x_wconf 88' lang='grc' dir='ltr'><strong>ιι.</strong></span> <span class='ocrx_word' id='word_1_503' title='bbox 1826 3297 1881 3344; x_wconf 82' lang='grc'><strong>6.</strong></span> <span class='ocrx_word' id='word_1_504' title='bbox 1901 3294 1988 3344; x_wconf 81' lang='lat' dir='ltr'><strong>hic</strong></span> <span class='ocrx_word' id='word_1_505' title='bbox 2010 3294 2208 3346; x_wconf 86' lang='lat' dir='ltr'><strong>retinet</strong></span> <span class='ocrx_word' id='word_1_506' title='bbox 2228 3294 2366 3360; x_wconf 74' lang='lat' dir='ltr'><strong>Inde,</strong></span> <span class='ocrx_word' id='word_1_507' title='bbox 2378 3302 2435 3348; x_wconf 86' lang='lat' dir='ltr'><strong>et</strong></span> 
     </span>
     <span class='ocr_line' id='line_1_89' title="bbox 1358 3372 2434 3439; baseline 0.003 -17"><span class='ocrx_word' id='word_1_508' title='bbox 1358 3385 1483 3423; x_wconf 82' lang='lat' dir='ltr'><strong>mox</strong></span> <span class='ocrx_word' id='word_1_509' title='bbox 1525 3387 1624 3438; x_wconf 83' lang='lat' dir='ltr'><strong>pro</strong></span> <span class='ocrx_word' id='word_1_510' title='bbox 1665 3373 1775 3423; x_wconf 72' lang='lat' dir='ltr'><strong>inde</strong></span> <span class='ocrx_word' id='word_1_511' title='bbox 1818 3388 1998 3438; x_wconf 71' lang='lat' dir='ltr'><strong>qaoque</strong></span> <span class='ocrx_word' id='word_1_512' title='bbox 2039 3372 2172 3438; x_wconf 83' lang='lat' dir='ltr'><strong>legit</strong></span> <span class='ocrx_word' id='word_1_513' title='bbox 2213 3375 2434 3439; x_wconf 63' lang='lat' dir='ltr'><strong>undique.</strong></span> 
     </span>
     <span class='ocr_line' id='line_1_90' title="bbox 1361 3448 2434 3516; baseline 0.002 -17"><span class='ocrx_word' id='word_1_514' title='bbox 1361 3448 1482 3501; x_wconf 82' lang='lat' dir='ltr'><strong>Hoc</strong></span> <span class='ocrx_word' id='word_1_515' title='bbox 1515 3460 1617 3501; x_wconf 81' lang='lat' dir='ltr'><strong>non</strong></span> <span class='ocrx_word' id='word_1_516' title='bbox 1646 3450 1906 3501; x_wconf 85' lang='lat' dir='ltr'><strong>immerito</strong></span> <span class='ocrx_word' id='word_1_517' title='bbox 1938 3448 2198 3516; x_wconf 83' lang='lat' dir='ltr'><strong>probabat</strong></span> <span class='ocrx_word' id='word_1_518' title='bbox 2228 3448 2434 3501; x_wconf 79' lang='lat' dir='ltr'><strong>Perizo-</strong></span> 
     </span>
     <span class='ocr_line' id='line_1_91' title="bbox 1358 3540 1492 3578; baseline 0.015 -2"><span class='ocrx_word' id='word_1_519' title='bbox 1358 3540 1492 3578; x_wconf 78' lang='lat' dir='ltr'><strong>nnus.</strong></span> 
     </span>
    </p>

    <p class='ocr_par' dir='ltr' id='par_1_9' title="bbox 1351 3603 2431 4127">
     <span class='ocr_line' id='line_1_92' title="bbox 1426 3603 2431 3671; baseline 0 -17"><span class='ocrx_word' id='word_1_520' title='bbox 1426 3605 1570 3655; x_wconf 80' lang='lat' dir='ltr'><strong>Coede</strong></span> <span class='ocrx_word' id='word_1_521' title='bbox 1584 3605 1775 3671; x_wconf 73' lang='lat' dir='ltr'><strong>palus]</strong></span> <span class='ocrx_word' id='word_1_522' title='bbox 1806 3604 2045 3670; x_wconf 68' lang='lat' dir='ltr'><strong>Repulsus</strong></span> <span class='ocrx_word' id='word_1_523' title='bbox 2063 3604 2116 3654; x_wconf 77' lang='lat' dir='ltr'><strong>ln</strong></span> <span class='ocrx_word' id='word_1_524' title='bbox 2128 3603 2264 3655; x_wconf 75' lang='lat' dir='ltr'><strong>Nax.</strong></span> <span class='ocrx_word' id='word_1_525' title='bbox 2282 3603 2431 3654; x_wconf 84' lang='lat' dir='ltr'><strong>sche-</strong></span> 
     </span>
     <span class='ocr_line' id='line_1_93' title="bbox 1356 3680 2430 3746; baseline -0.001 -16"><span class='ocrx_word' id='word_1_526' title='bbox 1356 3680 1454 3732; x_wconf 85' lang='lat' dir='ltr'><strong>dis.</strong></span> <span class='ocrx_word' id='word_1_527' title='bbox 1519 3682 1634 3731; x_wconf 81' lang='lat' dir='ltr'><strong>Pal.</strong></span> <span class='ocrx_word' id='word_1_528' title='bbox 1654 3683 1888 3746; x_wconf 64' lang='lat' dir='ltr'><strong>deputam.</strong></span> <span class='ocrx_word' id='word_1_529' title='bbox 1919 3682 2078 3732; x_wconf 86' lang='lat' dir='ltr'><strong>Salm.</strong></span> <span class='ocrx_word' id='word_1_530' title='bbox 2146 3680 2264 3730; x_wconf 88' lang='lat' dir='ltr'><strong>Pal.</strong></span> <span class='ocrx_word' id='word_1_531' title='bbox 2288 3685 2430 3744; x_wconf 84' lang='lat' dir='ltr'><strong>post.</strong></span> 
     </span>
     <span class='ocr_line' id='line_1_94' title="bbox 1356 3754 2429 3824; baseline -0.003 -16"><span class='ocrx_word' id='word_1_532' title='bbox 1356 3765 1413 3808; x_wconf 87' lang='lat' dir='ltr'><strong>et</strong></span> <span class='ocrx_word' id='word_1_533' title='bbox 1434 3758 1599 3824; x_wconf 72' lang='lat' dir='ltr'><strong>Regg.</strong></span> <span class='ocrx_word' id='word_1_534' title='bbox 1617 3759 1794 3821; x_wconf 71' lang='lat' dir='ltr'><strong>palsas.</strong></span> <span class='ocrx_word' id='word_1_535' title='bbox 1860 3756 1976 3808; x_wconf 79' lang='lat' dir='ltr'><strong>Pal.</strong></span> <span class='ocrx_word' id='word_1_536' title='bbox 2000 3770 2081 3821; x_wconf 88' lang='lat' dir='ltr'><strong>pr.</strong></span> <span class='ocrx_word' id='word_1_537' title='bbox 2099 3754 2233 3805; x_wconf 84' lang='lat' dir='ltr'><strong>Toll.</strong></span> <span class='ocrx_word' id='word_1_538' title='bbox 2257 3754 2429 3819; x_wconf 78' lang='lat' dir='ltr'><strong>Ryck.</strong></span> 
     </span>
     <span class='ocr_line' id='line_1_95' title="bbox 1354 3830 2431 3885; baseline -0.001 -2"><span class='ocrx_word' id='word_1_539' title='bbox 1354 3833 1544 3885; x_wconf 81' lang='lat' dir='ltr'><strong>Dnisb.</strong></span> <span class='ocrx_word' id='word_1_540' title='bbox 1581 3834 1734 3884; x_wconf 85' lang='lat' dir='ltr'><strong>Fran.</strong></span> <span class='ocrx_word' id='word_1_541' title='bbox 1764 3834 1917 3882; x_wconf 83' lang='lat' dir='ltr'><strong>Voss.</strong></span> <span class='ocrx_word' id='word_1_542' title='bbox 1939 3838 1997 3881; x_wconf 88' lang='lat' dir='ltr'><strong>et</strong></span> <span class='ocrx_word' id='word_1_543' title='bbox 2020 3830 2154 3881; x_wconf 81' lang='lat' dir='ltr'><strong>Edd.</strong></span> <span class='ocrx_word' id='word_1_544' title='bbox 2184 3837 2316 3882; x_wconf 79' lang='lat' dir='ltr'><strong>vett.</strong></span> <span class='ocrx_word' id='word_1_545' title='bbox 2340 3845 2431 3883; x_wconf 76' lang='lat' dir='ltr'><strong>ex·</strong></span> 
     </span>
     <span class='ocr_line' id='line_1_96' title="bbox 1355 3906 2429 3977; baseline -0.003 -17"><span class='ocrx_word' id='word_1_546' title='bbox 1355 3916 1510 3977; x_wconf 83' lang='lat' dir='ltr'><strong>cepta</strong></span> <span class='ocrx_word' id='word_1_547' title='bbox 1526 3909 1647 3959; x_wconf 80' lang='lat' dir='ltr'><strong>Ald.</strong></span> <span class='ocrx_word' id='word_1_548' title='bbox 1667 3924 1782 3974; x_wconf 73' lang='lat' dir='ltr'><strong>qnae</strong></span> <span class='ocrx_word' id='word_1_549' title='bbox 1801 3909 1962 3972; x_wconf 73' lang='lat' dir='ltr'><strong>pulsus</strong></span> <span class='ocrx_word' id='word_1_550' title='bbox 1983 3906 2160 3971; x_wconf 83' lang='lat' dir='ltr'><strong>habet,</strong></span> <span class='ocrx_word' id='word_1_551' title='bbox 2182 3908 2429 3971; x_wconf 66' lang='lat' dir='ltr'><strong>depulsas.-</strong></span> 
     </span>
     <span class='ocr_line' id='line_1_97' title="bbox 1353 3981 2430 4051; baseline -0.003 -15"><span class='ocrx_word' id='word_1_552' title='bbox 1353 3984 1493 4051; x_wconf 84' lang='lat' dir='ltr'><strong>quod</strong></span> <span class='ocrx_word' id='word_1_553' title='bbox 1515 3984 1772 4035; x_wconf 82' lang='lat' dir='ltr'><strong>revocavi.</strong></span> <span class='ocrx_word' id='word_1_554' title='bbox 1839 3982 1906 4033; x_wconf 90' lang='lat' dir='ltr'><strong>In</strong></span> <span class='ocrx_word' id='word_1_555' title='bbox 1930 3981 2062 4033; x_wconf 79' lang='lat' dir='ltr'><strong>Naz.</strong></span> <span class='ocrx_word' id='word_1_556' title='bbox 2085 3997 2114 4032; x_wconf 84' lang='lat' dir='ltr'><strong>r</strong></span> <span class='ocrx_word' id='word_1_557' title='bbox 2135 3996 2232 4049; x_wconf 86' lang='lat' dir='ltr'><strong>pro</strong></span> <span class='ocrx_word' id='word_1_558' title='bbox 2265 3985 2299 4033; x_wconf 79' lang='lat' dir='ltr'>d</span> <span class='ocrx_word' id='word_1_559' title='bbox 2332 3991 2430 4050; x_wconf 81' lang='lat' dir='ltr'><strong>est,</strong></span> 
     </span>
     <span class='ocr_line' id='line_1_98' title="bbox 1351 4060 1807 4127; baseline -0.009 -14"><span class='ocrx_word' id='word_1_560' title='bbox 1351 4068 1413 4113; x_wconf 88' lang='lat' dir='ltr'><strong>ut</strong></span> <span class='ocrx_word' id='word_1_561' title='bbox 1437 4075 1578 4127; x_wconf 64' lang='lat' dir='ltr'><strong>sepe</strong></span> <span class='ocrx_word' id='word_1_562' title='bbox 1601 4061 1654 4110; x_wconf 93' lang='lat' dir='ltr'><strong>in</strong></span> <span class='ocrx_word' id='word_1_563' title='bbox 1676 4060 1807 4109; x_wconf 73' lang='lat' dir='ltr'><strong>Mas.</strong></span> 
     </span>
    </p>

    <p class='ocr_par' dir='ltr' id='par_1_10' title="bbox 1351 4133 2425 4354">
     <span class='ocr_line' id='line_1_99' title="bbox 1418 4133 2425 4201; baseline -0.002 -13"><span class='ocrx_word' id='word_1_564' title='bbox 1418 4138 1496 4189; x_wconf 74' lang='lat' dir='ltr'><strong>Ab</strong></span> <span class='ocrx_word' id='word_1_565' title='bbox 1535 4137 1726 4201; x_wconf 72' lang='grc' dir='ltr'><strong><em>Ορίηιίο</em></strong></span> <span class='ocrx_word' id='word_1_566' title='bbox 1758 4133 1965 4200; x_wconf 69' lang='lat' dir='ltr'><strong>comte]</strong></span> <span class='ocrx_word' id='word_1_567' title='bbox 2022 4134 2330 4186; x_wconf 47' lang='lat' dir='ltr'><strong>Gracchum*</strong></span> <span class='ocrx_word' id='word_1_568' title='bbox 2358 4135 2425 4186; x_wconf 83' lang='lat' dir='ltr'><strong>ab</strong></span> 
     </span>
     <span class='ocr_line' id='line_1_100' title="bbox 1351 4211 2425 4276; baseline -0.006 -10"><span class='ocrx_word' id='word_1_569' title='bbox 1351 4229 1534 4267; x_wconf 87' lang='lat' dir='ltr'><strong>socero</strong></span> <span class='ocrx_word' id='word_1_570' title='bbox 1557 4228 1651 4264; x_wconf 86' lang='lat' dir='ltr'><strong>suo</strong></span> <span class='ocrx_word' id='word_1_571' title='bbox 1672 4213 1744 4263; x_wconf 91' lang='lat' dir='ltr'><strong>D.</strong></span> <span class='ocrx_word' id='word_1_572' title='bbox 1766 4212 1936 4263; x_wconf 85' lang='lat' dir='ltr'><strong>Bruto</strong></span> <span class='ocrx_word' id='word_1_573' title='bbox 1958 4211 2190 4263; x_wconf 82' lang='lat' dir='ltr'><strong>Callaico</strong></span> <span class='ocrx_word' id='word_1_574' title='bbox 2210 4218 2266 4262; x_wconf 87' lang='lat' dir='ltr'><strong>et</strong></span> <span class='ocrx_word' id='word_1_575' title='bbox 2294 4211 2425 4276; x_wconf 87' lang='lat' dir='ltr'><strong>Opi·</strong></span> 
     </span>
     <span class='ocr_line' id='line_1_101' title="bbox 1351 4287 2423 4354; baseline -0.007 -11"><span class='ocrx_word' id='word_1_576' title='bbox 1351 4292 1456 4343; x_wconf 88' lang='lat' dir='ltr'><strong>mlo</strong></span> <span class='ocrx_word' id='word_1_577' title='bbox 1477 4290 1597 4342; x_wconf 69' lang='lat' dir='ltr'><strong>Cos.</strong></span> <span class='ocrx_word' id='word_1_578' title='bbox 1620 4302 1947 4354; x_wconf 77' lang='lat' dir='ltr'><strong>oppressum,</strong></span> <span class='ocrx_word' id='word_1_579' title='bbox 1968 4287 2130 4339; x_wconf 83' lang='lat' dir='ltr'><strong>semel</strong></span> <span class='ocrx_word' id='word_1_580' title='bbox 2149 4293 2305 4353; x_wconf 82' lang='lat' dir='ltr'><strong>atque</strong></span> <span class='ocrx_word' id='word_1_581' title='bbox 2328 4288 2423 4337; x_wconf 72' lang='lat' dir='ltr'><strong>ite·</strong></span> 
     </span>
    </p>
   </div>
   <div class='ocr_carea' id='block_1_7' title="bbox 2913 139 2940 1789">
    <p class='ocr_par' dir='ltr' id='par_1_11' title="bbox 2913 139 2940 1789">
     <span class='ocr_line' id='line_1_102' title="bbox 2913 139 2940 1789; baseline 0 0"><span class='ocrx_word' id='word_1_582' title='bbox 2913 139 2940 1789; x_wconf 95' lang='lat' dir='ltr'><strong> </strong></span> 
     </span>
    </p>
   </div>
  </div>
 </body>
</html>
