2950 4892
470 373 603 445 ⁶⁴8

479 534 648 602 Ryck.
684 547 782 601 per
802 531 1163 599 compendium
1184 534 1439 602 scriptum
1461 541 1548 587 est

471 613 548 690 εἶ,
568 640 665 676 nec
685 625 740 675 in
755 625 884 676 Nat.
899 628 1015 676 erat
1032 639 1236 689 cuasam,
1258 624 1397 691 quod
1420 623 1546 675 scri·

474 701 554 753 bit
608 700 876 753 Graevius:
928 701 1108 752 delectu
1142 716 1258 751 cum
1306 701 1435 751 Νη.
1490 707 1548 751 et

480 778 650 844 Ryck.
674 778 835 828 etiam
851 777 1016 844 Magi.
1031 784 1087 828 et
1104 778 1253 828 Voss.
1270 781 1316 827 1.
1337 781 1387 829 2.
1408 778 1547 843 quod

478 855 532 904 iu
558 856 708 906 Frec.
730 861 813 905 est
834 855 996 905 electu.
1018 854 1134 907 Jac.
1152 854 1319 905 Gron.
1345 855 1410 903 ad
1435 854 1547 905 Ma·

484 932 626 984 crob.
661 933 834 983 Somn.
856 931 1060 998 Scip.1.
1082 935 1131 982 4.
1174 945 1205 982 e
1246 931 1379 982 Naz.
1420 931 1545 982 reti·

476 1008 705 1059 neudum
759 1012 942 1059 censet
995 1009 1050 1057 iu
1102 1022 1261 1059 causa.
1350 1008 1546 1059 Contra

478 1083 785 1135 Bucbnerus
823 1084 891 1135 de
923 1083 1183 1134 Commut.
1210 1083 1332 1135 Rat.
1356 1083 1481 1135 Dic.
1505 1099 1544 1136 1.

479 1164 563 1213 82.
597 1159 815 1226 praefert
837 1161 889 1211 ia
907 1176 1115 1226 mum,
1146 1164 1232 1213 cui
1259 1162 1548 1213 adsentior.

478 1238 618 1289 Nam
644 1239 1035 1291 usitatissimum
1070 1246 1170 1304 est,
1208 1246 1268 1292 ut
1302 1242 1547 1308 pra-posi-

480 1314 611 1365 tioni
632 1315 686 1365 in
704 1315 930 1366 addatur
950 1318 1277 1369 accusativus
1302 1319 1367 1369 ad
1387 1316 1543 1369 finem

480 1407 794 1460 causamque
812 1394 888 1444 rei
904 1393 1268 1447 denotandam.
1304 1397 1443 1447 Flor.
1466 1409 1548 1446 nr.

480 1472 532 1519 7.
560 1473 641 1520 13.
675 1471 691 1499 ‘
711 1469 1022 1536 Speculator
1045 1472 1169 1522 inid
1188 1472 1402 1523 missus!
1420 1472 1546 1523 Seu.

479 1559 555 1596 xv.
580 1546 645 1595 de
669 1544 853 1598 Benef.
873 1551 919 1599 1.
937 1547 954 1576 ‘
967 1548 1330 1615 Inveniuntur,
1352 1549 1440 1615 qui
1457 1550 1549 1600 lio-

482 1629 635 1672 nesta
651 1623 702 1672 in
727 1624 1020 1675 mercedem
1044 1627 1239 1684 colant,
1263 1627 1548 1693 quibusque

480 1712 582 1748 nou
606 1700 816 1763 placeat
853 1700 1017 1752 virtus
1058 1702 1320 1768 gratuita!
1386 1704 1548 1754 Plura

485 1789 573 1839 ap.
597 1774 800 1827 Buchu.
821 1775 856 1825 l.
878 1776 928 1826 d.
951 1778 1228 1829 Muucker.
1258 1779 1323 1829 ad
1353 1779 1547 1845 Hygin.

486 1849 727 1901 Fab.xt..
751 1859 807 1902 et
839 1851 1026 1903 Scbeff.
1066 1853 1131 1903 ad
1170 1855 1378 1906 Phaedr.
1417 1857 1549 1922 prol.

483 1925 605 1975 Lib.
624 1939 675 1977 v·
709 1925 988 1990 Augustin.
1026 1943 1112 1981 111.
1148 1930 1216 1981 de
1262 1932 1320 1983 C.
1355 1932 1423 1984 D.
1462 1938 1546 1986 20.

480 2002 596 2051 aliis
615 2002 805 2069 verbis,
827 2005 919 2056 sed
939 2006 1120 2056 eadem
1144 2009 1426 2073 sententia,
1446 2025 1548 2075 qua

482 2077 702 2128 Florus:
736 2079 752 2106 ‘
774 2080 912 2130 Hinc
953 2081 1092 2132 enim
1126 2081 1352 2134 Annibal
1375 2083 1549 2136 fracto

484 2150 679 2204 foedere
709 2151 1060 2207 Romanorum
1083 2171 1264 2208 causas
1289 2160 1550 2226 quaesivit,

488 2229 676 2294 quibus
698 2244 786 2280 eos
812 2230 1042 2284 irritaret
1061 2234 1127 2284 ad
1156 2234 1382 2285 bellum.'
1446 2236 1548 2287 De·

484 2305 581 2354 leta
623 2305 934 2358 Buchnerus
958 2307 1087 2359 dicit
1104 2323 1424 2361 communem
1442 2311 1549 2363 lec·

488 2380 685 2433 tionem
724 2382 992 2448 librorum,
1035 2392 1091 2436 et
1135 2400 1237 2436 non
1273 2387 1552 2438 sollicitan-

484 2456 603 2507 dam
626 2472 760 2510 esse.
820 2460 924 2511 Sed
950 2461 1245 2513 existimavi
1269 2462 1550 2528 praeferen-

487 2531 610 2584 dum
633 2548 747 2585 esse
769 2537 970 2600 delectu,
1003 2537 1070 2588 ob
1091 2553 1291 2604 causas,
1324 2555 1440 2606 quae
1461 2555 1550 2607 ap.

483 2609 637 2661 Salm.
672 2618 729 2661 et
761 2612 937 2664 Graev.
958 2614 1220 2680 leguntur,
1254 2619 1550 2681 praesertim

485 2686 773 2738 accedente
826 2691 1143 2741 auctoritate
1186 2693 1550 2744 nonnullorum

484 2761 616 2813 Μαι.
654 2770 710 2813 et
747 2764 1049 2830 Freculpbi,
1086 2766 1174 2831 qui
1221 2768 1360 2834 quod
1400 2771 1552 2820 electu

483 2838 667 2904 babet,
700 2840 755 2890 id
790 2850 938 2893 certe
960 2841 1157 2895 indicio
1176 2852 1280 2908 est,
1319 2846 1371 2895 in
1414 2846 1553 2898 illius

483 2917 868 2981 exemplaribus
905 2932 1008 2969 non
1042 2909 1203 2971 fuisse
1239 2923 1414 2974 deletu.
1480 2924 1553 2974 Et

487 2998 762 3057 utramque
786 2994 1071 3045 lectionem
1109 2997 1163 3047 ia
1183 3014 1373 3050 cuasam
1395 3005 1450 3051 et
1471 3003 1552 3052 de·

486 3067 607 3115 lectu
625 3066 868 3117 Heinsius
891 3075 946 3118 et
984 3069 1222 3123 Perizou.
1256 3074 1403 3125 libris
1443 3077 1554 3128 suis

487 3141 893 3207 adscripserant.
974 3144 1166 3197 Scheff.
1202 3148 1362 3199 verba
1413 3166 1554 3204 cuasa

489 3215 597 3267 belli
630 3231 693 3268 ex
735 3219 1008 3283 marginali
1047 3222 1223 3285 glossa
1259 3225 1311 3275 in
1350 3234 1553 3280 textum

490 3299 808 3343 transsumta
829 3294 979 3355 dicit,
1009 3302 1065 3346 et
1099 3298 1262 3363 legit:
1297 3301 1461 3364 Igitur
1499 3304 1554 3354 ia

488 3367 777 3428 Saguntinis
796 3370 949 3419 deletu
971 3377 1059 3421 est.
1086 3372 1234 3425 Vetas
1250 3375 1320 3426 Η.
1341 3394 1384 3429 c.
1452 3380 1553 3430 De-

487 3443 589 3491 leta
610 3447 698 3506 est,
720 3442 814 3506 ait,
846 3445 1083 3496 nimirum
1115 3448 1243 3501 ultio
1275 3451 1326 3502 in
1352 3454 1553 3520 Sagun-

494 3517 639 3569 tinis.
705 3519 809 3570 Hic
831 3520 951 3571 mibi
975 3521 1168 3590 OEdipo
1191 3541 1321 3591 opus
1340 3537 1437 3582 est.

555 3593 823 3661 Saganam]
847 3595 988 3647 Urbs
1011 3598 1279 3665 Hispaniae
1300 3606 1552 3659 Tarraco·

489 3671 680 3735 nensis,
717 3687 749 3722 a
786 3672 1088 3738 Zacynthiis
1120 3680 1345 3740 condita,
1390 3683 1552 3736 dista-

488 3746 585 3796 bat
607 3761 639 3796 a
656 3749 788 3800 mari
814 3749 1090 3803 Balearico
1127 3762 1327 3821 septem
1349 3760 1554 3827 stadiis,

490 3828 551 3871 ut
574 3822 758 3887 Polyb.
781 3830 831 3890 8,
855 3831 934 3878 17.
965 3836 1022 3879 et
1055 3829 1167 3882 Liv.
1202 3837 1285 3883 21.
1306 3838 1357 3900 7,
1373 3840 1423 3887 2.
1457 3851 1552 3888 nu·

489 3905 711 3949 merant.
744 3899 878 3953 Stud.
947 3903 1122 3955 Hodie
1147 3915 1362 3973 putatur
1404 3913 1552 3978 oppi-

495 3971 637 4034 dum,
658 3975 795 4038 quod
818 3978 1073 4030 Mmedre
1096 3991 1330 4037 vocatur.
1366 3987 1454 4040 Fr.

564 4047 709 4102 'Vetas
726 4053 980 4119 Hispania
995 4057 1190 4127 ciuitas]
1223 4064 1432 4134 Quippe
1453 4071 1552 4120 200

492 4134 617 4181 ante
637 4131 893 4183 excidium
925 4135 1093 4202 Trojoe
1124 4141 1270 4192 annis
1310 4145 1549 4198 condita:

492 4212 676 4255 auctor
696 4205 835 4260 Pliu.
855 4213 936 4274 10,
958 4215 1040 4263 40.
1076 4214 1164 4265 alii
1187 4224 1320 4268 oetas
1342 4221 1471 4272 illud
1495 4221 1550 4274 in

491 4283 619 4334 uelint
640 4289 878 4339 mutant:
902 4285 969 4339 de
990 4303 1091 4355 qua
1106 4305 1167 4341 re
1185 4289 1381 4346 dictum
1397 4311 1551 4363 prox-

1108 409 1121 420 ·
1162 391 1378 442 NOTAE
1426 389 1828 442 vARloRum
1880 391 1961 441 1⁴⁸

1619 535 1721 587 ime
1745 535 2082 603 precedente
2097 539 2241 587 nota.
2278 531 2371 586 Pr.

1617 611 1777 665 Salm.
1801 627 1897 678 pro
1919 617 2047 665 celat
2068 612 2345 679 legendum
2370 618 2547 678 putat,
2586 623 2684 661 non

1619 688 1869 755 placebat
1892 690 2130 743 Heinsio.

1683 768 1729 833 §-
1765 772 1797 819 Δ
1853 770 1917 820 Ia
1969 765 2259 833 libertatem]
2325 767 2463 820 Naz-
2521 765 2686 832 Byek.

1619 844 1771 895 Voss.
1795 846 1927 911 Reg.
1959 846 2025 911 Ρ,
2064 845 2205 897 Flor.
2246 851 2303 897 et
2328 842 2469 895 Edd.
2491 850 2688 910 praeter

1619 922 1859 987 primam,
1900 923 1953 974 ia
1992 922 2230 974 libertate.
2296 921 2456 972 Unde
2480 919 2686 971 occasio

1618 999 1968 1064 interpolandi
1992 1007 2135 1060 nata,
2158 999 2364 1066 adjecto
2382 999 2611 1063 ponimus,
2632 1001 2689 1045 ut

1618 1076 1669 1127 in
1693 1075 1849 1142 Pigh.
1872 1078 1925 1127 in
1962 1092 2066 1144 quo
2104 1082 2190 1128 est
2224 1078 2278 1127 ia
2315 1075 2544 1127 libertate
2573 1069 2693 1139 pssi-

1618 1158 1719 1203 tum
1741 1154 1971 1204 emananti
1983 1152 2031 1211 f.
2056 1168 2099 1203 s.

1688 1230 1936 1279 Communi
1968 1227 2184 1294 soedere]
2249 1225 2352 1279 Res
2395 1227 2472 1277 ita
2518 1225 2690 1277 liabet-

1622 1305 1848 1371 Legibus
1867 1308 2014 1371 pacis
2037 1307 2173 1357 inter
2197 1307 2458 1357 Romanos
2483 1311 2541 1353 et
2573 1301 2696 1382 Car·-

1624 1384 1972 1450 thaginienses
2011 1389 2354 1439 convenerat,
2395 1387 2458 1432 ut
2505 1378 2692 1430 utrius-

1622 1477 1722 1528 que
1756 1463 1935 1527 populi
1969 1462 2094 1513 socii
2133 1461 2198 1513 ab
2239 1467 2467 1526 utroque
2491 1456 2597 1508 tuti
2620 1471 2692 1506 es-

1622 1545 1766 1593 sent:
1797 1538 1863 1590 de
1898 1538 2200 1604 Saguntinis
2230 1537 2359 1587 nihil
2385 1534 2692 1586 nominatim

1624 1621 1834 1667 cautum
1855 1614 2051 1667 fuerat.
2119 1614 2326 1666 Deinde
2351 1615 2493 1664 inter
2513 1613 2692 1662 Roma-

1623 1708 1718 1743 nos
1742 1701 1798 1744 et
1822 1693 2167 1745 Asdrubalem
2191 1705 2443 1758 generum
2470 1687 2692 1740 Amilca-

1625 1769 1694 1820 ris
1717 1768 1862 1821 sacta
1885 1778 1998 1821 erat
2023 1771 2220 1836 pactio,
2254 1785 2357 1836 qua
2392 1766 2691 1818 nominati-

1623 1848 2197 1913 comprehendebantur
2228 1846 2525 1914 Saguntini.
2589 1843 2689 1896 Sed

1623 1923 1772 1974 Poeni
1815 1940 1872 1975 se
1913 1926 2013 1975 bac
2050 1925 2295 1990 pactione
2337 1924 2513 1975 teneri
2544 1935 2691 1988 nega·

1623 2001 1749 2052 bant
1766 2037 1782 2061 ,
1814 2002 1951 2067 quod
1969 2018 2032 2053 ea
2053 2004 2163 2053 sine
2183 2002 2512 2053 auctoritate
2524 2000 2689 2070 jussuf

1621 2091 1720 2143 que
1756 2079 1808 2128 S.
1847 2078 1912 2129 P.
1951 2079 2019 2134 Q.
2057 2078 2508 2144 Carthaginiensis
2552 2075 2689 2127 facta

1622 2152 1831 2206 fuisset.
1895 2155 2211 2221 Saguntinos
2251 2161 2426 2206 autem
2460 2151 2584 2202 ideo
2621 2152 2689 2201 le·

1622 2230 1773 2295 gibus
1812 2233 1957 2299 pacis
1998 2247 2103 2283 non
2143 2228 2523 2296 comprehendi
2560 2227 2692 2278 dice-

1621 2308 1764 2369 bant,
1787 2308 1925 2375 quod
1958 2309 2168 2361 demum
2211 2314 2332 2374 post
2376 2319 2562 2372 pacem
2594 2301 2692 2354 sae-

1623 2389 1728 2433 tam
1751 2382 1803 2433 in
1827 2385 2137 2436 societatem
2160 2384 2510 2433 Romanorum
2535 2379 2692 2431 venis-

1623 2465 1762 2511 sent.
1828 2458 2016 2523 Polyb.
2041 2472 2127 2510 ιιι.
2145 2463 2230 2510 21.
2253 2462 2336 2508 ²7.
2360 2462 2420 2508 et
2436 2456 2554 2508 Isiv.
2577 2467 2689 2506 ιιι.

1627 2538 1707 2586 18.
1773 2536 1964 2588 videri
2006 2543 2247 2603 possunt,
2294 2545 2414 2602 quae
2462 2532 2533 2583 de
2575 2533 2690 2598 jure

1623 2612 1896 2678 utriusque
1920 2611 2084 2677 partis
2106 2611 2344 2677 disputat
2374 2607 2600 2663 Grotius
2635 2621 2694 2659 ιι.

1625 2687 1694 2738 de
1716 2687 1832 2741 sur.
1854 2689 1988 2740 Bell.
2013 2697 2070 2740 et
2094 2690 2225 2739 Pac.
2251 2692 2334 2738 10.

1693 2765 1763 2814 Et
1797 2766 1895 2815 suis
1926 2771 1975 2816 et
2008 2766 2219 2830 ipsorum
2249 2764 2469 2815 mnibus
2503 2755 2695 2825 euenit]

1623 2839 1762 2891 Haec
1783 2856 1888 2893 non
1909 2841 2244 2908 intelligebat
2281 2839 2439 2894 Jord.
2469 2854 2591 2891 cum
2623 2851 2696 2889 re-

1625 2917 1918 2970 scriberet:
1974 2920 2077 2970 suis
2117 2924 2165 2968 et
2216 2932 2412 2968 suorum
2466 2916 2695 2966 nauibus.

1623 2993 1752 3043 Tam
1770 2995 1906 3044 enim
1929 2997 2055 3060 suis,
2076 3010 2231 3061 qnam
2255 2993 2578 3046 Hannibalis
2597 3005 2698 3043 ma·

1625 3070 1778 3120 nibus
1814 3072 1983 3122 eversi
2022 3081 2147 3123 sunt
2180 3071 2484 3137 Saguntini,
2517 3071 2607 3138 qui
2644 3082 2697 3119 se

1627 3159 1825 3211 suaque
1847 3149 2020 3198 omnia
2042 3151 2096 3200 in
2119 3164 2303 3217 pyram
2338 3149 2704 3213 conjecerunt,

1625 3235 1724 3273 nec
1762 3224 2034 3277 arbitrium
2069 3225 2287 3277 victoris
2327 3230 2700 3291 expectat-unt.

1627 3297 1747 3350 Hoc
1771 3301 1937 3352 voluit
1952 3301 2158 3367 Florus,
2178 3316 2278 3353 nec
2302 3302 2573 3352 intellexit
2585 3299 2700 3353 Jor-

1626 3374 1807 3426 danes.
1842 3377 1951 3429 Sal.
2013 3378 2169 3445 Pigu.
2214 3393 2500 3446 perperam
2530 3377 2700 3429 nach-

1626 3450 1704 3501 nis
1723 3466 1821 3516 pro
1840 3453 2074 3505 mnibus.

1690 3529 1736 3593 §.
1757 3535 1788 3578 6
1822 3529 2020 3581 διιιηισ
2039 3530 2286 3594 sedena·
2324 3531 2564 3582 Remis
2590 3525 2699 3580 n&-

1624 3605 1708 3669 σὺ
1740 3608 1836 3673 ese]
1898 3607 2092 3658 Sextus
2152 3608 2336 3660 Caecil.
2389 3609 2568 3661 sctu-
2619 3619 2702 3686 ap..=

1629 3679 1803 3744 Agell.
1840 3686 1930 3734 ²⁰.
1963 3687 2014 3734 1.
2044 3681 2323 3751 ‘Populus
2364 3683 2636 3735 Romanus
2673 3695 2702 3731 e

1626 3771 1792 3821 parva
1813 3759 2016 3825 origine
2040 3761 2108 3811 ad
2142 3767 2309 3812 tante.
2341 3757 2700 3825 amplitudinis

1626 3832 1792 3884 instar
1834 3835 2079 3887 emicuit:
2129 3836 2226 3887 sed
2269 3838 2506 3887 maxime
2551 3845 2702 3903 atque

1626 3910 1895 3977 praecipue
1937 3907 2099 3962 fldem
2139 3912 2328 3976 coluit,
2363 3921 2701 3979 sanctamque

1623 3983 1830 4051 babuit,
1865 3993 1975 4036 tam
1997 3986 2251 4053 privatim
2276 4002 2437 4054 quam
2462 3988 2705 4054 publice)

1687 4137 2012 4206 Procurrunt]
2095 4137 2254 4191 Hanc
2293 4154 2483 4192 vocem
2529 4155 2563 4193 e
2599 4137 2698 4202 m.

1624 4215 1762 4270 Gud.
1797 4215 2076 4270 delendam
2101 4223 2286 4270 censet
2318 4213 2448 4272 dac.
2472 4219 2699 4272 Gronov.

1621 4294 1690 4346 ad
1709 4293 1829 4347 Iaiv.
1852 4307 1990 4347 xxv.
2013 4299 2095 4347 ⁸⁷.
2147 4295 2275 4348 Non
2304 4296 2565 4350 inusitata
2583 4301 2701 4349 sunt

2445 533 2534 598 Ut,
2553 527 2683 599 quod
2775 563 2786 574 ·
