<?xml version="1.0" encoding="UTF-8"?>
<!DOCTYPE html PUBLIC "-//W3C//DTD XHTML 1.0 Transitional//EN"
    "http://www.w3.org/TR/xhtml1/DTD/xhtml1-transitional.dtd">
<html xmlns="http://www.w3.org/1999/xhtml" xml:lang="en" lang="en">
 <head>
  <title>
</title>
<meta http-equiv="Content-Type" content="text/html;charset=utf-8" />
  <meta name='ocr-system' content='tesseract 3.04.00' />
  <meta name='ocr-capabilities' content='ocr_page ocr_carea ocr_par ocr_line ocrx_word'/>
</head>
<body>
  <div class='ocr_page' id='page_1' title='image "./lannaeifloriepi01unkngoog_0365.png"; bbox 0 0 2950 4892; ppageno 0'>
   <div class='ocr_carea' id='block_1_1' title="bbox 655 393 1302 446">
    <p class='ocr_par' dir='ltr' id='par_1_1' title="bbox 655 393 1302 446">
     <span class='ocr_line' id='line_1_1' title="bbox 655 393 1302 446; baseline 0.003 -4"><span class='ocrx_word' id='word_1_1' title='bbox 655 394 724 443; x_wconf 78' lang='lat' dir='ltr'><strong>L.</strong></span> <span class='ocrx_word' id='word_1_2' title='bbox 771 393 1031 443; x_wconf 74' lang='lat' dir='ltr'>ANNAEI</span> <span class='ocrx_word' id='word_1_3' title='bbox 1081 395 1302 446; x_wconf 71' lang='lat' dir='ltr'>FLOR!</span> 
     </span>
    </p>
   </div>
   <div class='ocr_carea' id='block_1_2' title="bbox 227 529 1316 4378">
    <p class='ocr_par' dir='ltr' id='par_1_2' title="bbox 235 529 1290 1985">
     <span class='ocr_line' id='line_1_2' title="bbox 249 529 1284 604; baseline 0.006 -20"><span class='ocrx_word' id='word_1_4' title='bbox 249 549 357 600; x_wconf 86' lang='lat' dir='ltr'><strong>pan.</strong></span> <span class='ocrx_word' id='word_1_5' title='bbox 375 548 425 602; x_wconf 84' lang='lat' dir='ltr'><strong>p.</strong></span> <span class='ocrx_word' id='word_1_6' title='bbox 441 537 553 586; x_wconf 69' lang='grc'><strong>800.</strong></span> <span class='ocrx_word' id='word_1_7' title='bbox 585 534 764 600; x_wconf 81' lang='lat' dir='ltr'><strong>tradit,</strong></span> <span class='ocrx_word' id='word_1_8' title='bbox 782 536 1066 603; x_wconf 67' lang='lat' dir='ltr'><strong>ascipione</strong></span> <span class='ocrx_word' id='word_1_9' title='bbox 1082 529 1284 604; x_wconf 70' lang='lat' dir='ltr'><strong>gemina</strong></span> 
     </span>
     <span class='ocr_line' id='line_1_3' title="bbox 246 612 1282 678; baseline 0.006 -16"><span class='ocrx_word' id='word_1_10' title='bbox 246 619 404 663; x_wconf 79' lang='lat' dir='ltr'><strong>castra</strong></span> <span class='ocrx_word' id='word_1_11' title='bbox 419 612 483 662; x_wconf 90' lang='lat' dir='ltr'><strong>ad</strong></span> <span class='ocrx_word' id='word_1_12' title='bbox 497 613 827 664; x_wconf 70' lang='lat' dir='ltr'><strong>Numantiam</strong></span> <span class='ocrx_word' id='word_1_13' title='bbox 848 613 1009 678; x_wconf 83' lang='lat' dir='ltr'><strong>facta,</strong></span> <span class='ocrx_word' id='word_1_14' title='bbox 1029 621 1082 666; x_wconf 84' lang='lat' dir='ltr'><strong>et</strong></span> <span class='ocrx_word' id='word_1_15' title='bbox 1105 631 1282 668; x_wconf 86' lang='lat' dir='ltr'><strong>eorum</strong></span> 
     </span>
     <span class='ocr_line' id='line_1_4' title="bbox 247 688 1282 755; baseline 0.004 -16"><span class='ocrx_word' id='word_1_16' title='bbox 247 688 407 740; x_wconf 80' lang='lat' dir='ltr'><strong>alteris</strong></span> <span class='ocrx_word' id='word_1_17' title='bbox 427 690 616 755; x_wconf 82' lang='lat' dir='ltr'><strong>ipsum,</strong></span> <span class='ocrx_word' id='word_1_18' title='bbox 633 691 812 741; x_wconf 87' lang='lat' dir='ltr'><strong>alteris</strong></span> <span class='ocrx_word' id='word_1_19' title='bbox 832 691 1047 741; x_wconf 83' lang='lat' dir='ltr'><strong>Fabium</strong></span> <span class='ocrx_word' id='word_1_20' title='bbox 1069 691 1282 744; x_wconf 77' lang='lat' dir='ltr'><strong>fratrem</strong></span> 
     </span>
     <span class='ocr_line' id='line_1_5' title="bbox 243 765 1290 831; baseline 0.007 -16"><span class='ocrx_word' id='word_1_21' title='bbox 243 765 341 829; x_wconf 68' lang='lat' dir='ltr'><strong>ejus</strong></span> <span class='ocrx_word' id='word_1_22' title='bbox 383 765 668 831; x_wconf 74' lang='lat' dir='ltr'><strong>praefuisse.</strong></span> <span class='ocrx_word' id='word_1_23' title='bbox 729 768 745 796; x_wconf 80' lang='lat'><strong>⁴</strong></span> <span class='ocrx_word' id='word_1_24' title='bbox 780 768 1017 821; x_wconf 83' lang='lat' dir='ltr'><strong>Quatuor</strong></span> <span class='ocrx_word' id='word_1_25' title='bbox 1060 770 1243 821; x_wconf 87' lang='lat' dir='ltr'><strong>castris</strong></span> <span class='ocrx_word' id='word_1_26' title='bbox 1273 770 1290 795; x_wconf 85' lang='lat'>’</span> 
     </span>
     <span class='ocr_line' id='line_1_6' title="bbox 242 839 1285 908; baseline 0.007 -18"><span class='ocrx_word' id='word_1_27' title='bbox 242 839 375 903; x_wconf 88' lang='lat' dir='ltr'><strong>dicit,</strong></span> <span class='ocrx_word' id='word_1_28' title='bbox 408 857 500 906; x_wconf 86' lang='lat' dir='ltr'><strong>pro</strong></span> <span class='ocrx_word' id='word_1_29' title='bbox 544 843 830 908; x_wconf 83' lang='lat' dir='ltr'><strong>quaternis,</strong></span> <span class='ocrx_word' id='word_1_30' title='bbox 866 850 923 894; x_wconf 89' lang='lat' dir='ltr'><strong>et</strong></span> <span class='ocrx_word' id='word_1_31' title='bbox 963 858 1041 896; x_wconf 80' lang='lat' dir='ltr'><strong>tv.</strong></span> <span class='ocrx_word' id='word_1_32' title='bbox 1085 849 1162 896; x_wconf 75' lang='lat'><strong>12.</strong></span> <span class='ocrx_word' id='word_1_33' title='bbox 1201 849 1285 896; x_wconf 73' lang='lat'><strong>54.</strong></span> 
     </span>
     <span class='ocr_line' id='line_1_7' title="bbox 242 918 1284 986; baseline 0.005 -18"><span class='ocrx_word' id='word_1_34' title='bbox 242 918 259 945; x_wconf 90' lang='lat'>‘</span> <span class='ocrx_word' id='word_1_35' title='bbox 277 918 388 969; x_wconf 81' lang='lat' dir='ltr'><strong>Tria</strong></span> <span class='ocrx_word' id='word_1_36' title='bbox 419 920 625 970; x_wconf 82' lang='lat' dir='ltr'><strong>castra&#39;</strong></span> <span class='ocrx_word' id='word_1_37' title='bbox 666 935 762 986; x_wconf 89' lang='lat' dir='ltr'><strong>pro</strong></span> <span class='ocrx_word' id='word_1_38' title='bbox 784 922 964 986; x_wconf 88' lang='lat' dir='ltr'><strong>ternis,</strong></span> <span class='ocrx_word' id='word_1_39' title='bbox 986 929 1166 974; x_wconf 84' lang='lat' dir='ltr'><strong>eontra</strong></span> <span class='ocrx_word' id='word_1_40' title='bbox 1200 938 1284 973; x_wconf 75' lang='lat' dir='ltr'><strong>ca·</strong></span> 
     </span>
     <span class='ocr_line' id='line_1_8' title="bbox 240 995 1284 1064; baseline 0.007 -21"><span class='ocrx_word' id='word_1_41' title='bbox 240 1005 410 1045; x_wconf 85' lang='lat' dir='ltr'><strong>nonem</strong></span> <span class='ocrx_word' id='word_1_42' title='bbox 432 995 916 1063; x_wconf 76' lang='lat' dir='ltr'><strong>Grammaticorum,</strong></span> <span class='ocrx_word' id='word_1_43' title='bbox 934 999 1023 1064; x_wconf 87' lang='lat' dir='ltr'><strong>qui</strong></span> <span class='ocrx_word' id='word_1_44' title='bbox 1034 999 1284 1064; x_wconf 72' lang='lat' dir='ltr'><strong>singulari</strong></span> 
     </span>
     <span class='ocr_line' id='line_1_9' title="bbox 240 1072 1283 1140; baseline 0.006 -19"><span class='ocrx_word' id='word_1_45' title='bbox 240 1072 516 1123; x_wconf 67' lang='lat' dir='ltr'><strong>carentibus</strong></span> <span class='ocrx_word' id='word_1_46' title='bbox 539 1073 872 1124; x_wconf 72' lang='lat' dir='ltr'><strong>distributiva</strong></span> <span class='ocrx_word' id='word_1_47' title='bbox 886 1075 1157 1140; x_wconf 76' lang='lat' dir='ltr'><strong>jungenda</strong></span> <span class='ocrx_word' id='word_1_48' title='bbox 1178 1076 1283 1128; x_wconf 85' lang='lat' dir='ltr'><strong>dic-</strong></span> 
     </span>
     <span class='ocr_line' id='line_1_10' title="bbox 242 1149 1283 1216; baseline 0.007 -19"><span class='ocrx_word' id='word_1_49' title='bbox 242 1152 359 1198; x_wconf 81' lang='lat' dir='ltr'><strong>tant.</strong></span> <span class='ocrx_word' id='word_1_50' title='bbox 421 1149 637 1200; x_wconf 81' lang='lat' dir='ltr'><strong>Servius</strong></span> <span class='ocrx_word' id='word_1_51' title='bbox 653 1151 718 1200; x_wconf 87' lang='lat' dir='ltr'><strong>ad</strong></span> <span class='ocrx_word' id='word_1_52' title='bbox 734 1150 878 1216; x_wconf 80' lang='lat' dir='ltr'><strong>Virg.</strong></span> <span class='ocrx_word' id='word_1_53' title='bbox 898 1165 1022 1202; x_wconf 79' lang='lat' dir='ltr'><strong>vm.</strong></span> <span class='ocrx_word' id='word_1_54' title='bbox 1039 1153 1153 1203; x_wconf 82' lang='lat' dir='ltr'><strong>AEn.</strong></span> <span class='ocrx_word' id='word_1_55' title='bbox 1173 1157 1283 1204; x_wconf 80' lang='grc'><strong>168.</strong></span> 
     </span>
     <span class='ocr_line' id='line_1_11' title="bbox 239 1225 1284 1294; baseline 0.004 -19"><span class='ocrx_word' id='word_1_56' title='bbox 239 1226 256 1254; x_wconf 78' lang='lat'><strong>⁴</strong></span> <span class='ocrx_word' id='word_1_57' title='bbox 277 1225 449 1275; x_wconf 82' lang='lat' dir='ltr'><strong>Cicero</strong></span> <span class='ocrx_word' id='word_1_58' title='bbox 482 1240 579 1290; x_wconf 86' lang='lat' dir='ltr'><strong>per</strong></span> <span class='ocrx_word' id='word_1_59' title='bbox 602 1227 871 1291; x_wconf 87' lang='lat' dir='ltr'><strong>epistolam</strong></span> <span class='ocrx_word' id='word_1_60' title='bbox 895 1229 1075 1293; x_wconf 87' lang='lat' dir='ltr'><strong>culpat</strong></span> <span class='ocrx_word' id='word_1_61' title='bbox 1104 1228 1284 1294; x_wconf 84' lang='lat' dir='ltr'><strong>fllium,</strong></span> 
     </span>
     <span class='ocr_line' id='line_1_12' title="bbox 239 1300 1280 1357; baseline 0.005 -5"><span class='ocrx_word' id='word_1_62' title='bbox 239 1300 400 1352; x_wconf 85' lang='lat' dir='ltr'><strong>dicens</strong></span> <span class='ocrx_word' id='word_1_63' title='bbox 437 1304 572 1353; x_wconf 90' lang='lat' dir='ltr'><strong>male</strong></span> <span class='ocrx_word' id='word_1_64' title='bbox 607 1319 723 1354; x_wconf 88' lang='lat' dir='ltr'><strong>enm</strong></span> <span class='ocrx_word' id='word_1_65' title='bbox 757 1304 973 1357; x_wconf 76' lang='lat' dir='ltr'><strong>dixisse:</strong></span> <span class='ocrx_word' id='word_1_66' title='bbox 1039 1306 1056 1335; x_wconf 86' lang='lat'>‘</span> <span class='ocrx_word' id='word_1_67' title='bbox 1089 1306 1280 1357; x_wconf 81' lang='lat' dir='ltr'><strong>Direxi</strong></span> 
     </span>
     <span class='ocr_line' id='line_1_13' title="bbox 236 1377 1281 1448; baseline 0.007 -22"><span class='ocrx_word' id='word_1_68' title='bbox 236 1377 401 1429; x_wconf 86' lang='lat' dir='ltr'><strong>literas</strong></span> <span class='ocrx_word' id='word_1_69' title='bbox 419 1378 587 1431; x_wconf 68' lang='lat' dir='ltr'><strong>duas!</strong></span> <span class='ocrx_word' id='word_1_70' title='bbox 603 1379 619 1404; x_wconf 84' lang='lat'>’</span> <span class='ocrx_word' id='word_1_71' title='bbox 649 1380 752 1431; x_wconf 85' lang='lat' dir='ltr'><strong>Sed</strong></span> <span class='ocrx_word' id='word_1_72' title='bbox 769 1382 865 1432; x_wconf 85' lang='lat' dir='ltr'><strong>boc</strong></span> <span class='ocrx_word' id='word_1_73' title='bbox 883 1396 985 1432; x_wconf 90' lang='lat' dir='ltr'><strong>non</strong></span> <span class='ocrx_word' id='word_1_74' title='bbox 999 1388 1081 1433; x_wconf 82' lang='lat' dir='ltr'><strong>eat</strong></span> <span class='ocrx_word' id='word_1_75' title='bbox 1094 1397 1281 1448; x_wconf 89' lang='lat' dir='ltr'><strong>perpe·</strong></span> 
     </span>
     <span class='ocr_line' id='line_1_14' title="bbox 237 1457 1281 1513; baseline 0.009 -9"><span class='ocrx_word' id='word_1_76' title='bbox 237 1460 391 1505; x_wconf 82' lang='lat' dir='ltr'><strong>tuum.</strong></span> <span class='ocrx_word' id='word_1_77' title='bbox 420 1457 541 1508; x_wconf 83' lang='lat' dir='ltr'><strong>Tac.</strong></span> <span class='ocrx_word' id='word_1_78' title='bbox 557 1462 612 1507; x_wconf 76' lang='lat'><strong>2.</strong></span> <span class='ocrx_word' id='word_1_79' title='bbox 646 1457 714 1508; x_wconf 85' lang='lat' dir='ltr'><strong>A.</strong></span> <span class='ocrx_word' id='word_1_80' title='bbox 734 1463 818 1509; x_wconf 84' lang='grc'><strong>71.</strong></span> <span class='ocrx_word' id='word_1_81' title='bbox 850 1460 867 1488; x_wconf 90' lang='lat'>‘</span> <span class='ocrx_word' id='word_1_82' title='bbox 887 1459 1174 1512; x_wconf 84' lang='lat' dir='ltr'><strong>Numerate</strong></span> <span class='ocrx_word' id='word_1_83' title='bbox 1187 1475 1281 1513; x_wconf 86' lang='lat' dir='ltr'><strong>sex</strong></span> 
     </span>
     <span class='ocr_line' id='line_1_15' title="bbox 237 1533 1280 1594; baseline 0.009 -9"><span class='ocrx_word' id='word_1_84' title='bbox 237 1533 447 1587; x_wconf 68' lang='lat' dir='ltr'><strong>liberos!</strong></span> <span class='ocrx_word' id='word_1_85' title='bbox 508 1538 658 1589; x_wconf 88' lang='lat' dir='ltr'><strong>Suet.</strong></span> <span class='ocrx_word' id='word_1_86' title='bbox 706 1540 837 1591; x_wconf 78' lang='lat' dir='ltr'><strong>Caes.</strong></span> <span class='ocrx_word' id='word_1_87' title='bbox 874 1553 919 1591; x_wconf 84' lang='grc' dir='ltr'><strong>ι..</strong></span> <span class='ocrx_word' id='word_1_88' title='bbox 971 1541 988 1569; x_wconf 88' lang='lat'>‘</span> <span class='ocrx_word' id='word_1_89' title='bbox 1009 1541 1144 1593; x_wconf 87' lang='lat' dir='ltr'><strong>Post</strong></span> <span class='ocrx_word' id='word_1_90' title='bbox 1175 1552 1280 1594; x_wconf 88' lang='lat' dir='ltr'><strong>tres</strong></span> 
     </span>
     <span class='ocr_line' id='line_1_16' title="bbox 236 1611 1282 1670; baseline 0.009 -8"><span class='ocrx_word' id='word_1_91' title='bbox 236 1611 441 1663; x_wconf 55' lang='lat' dir='ltr'><strong>liberos?</strong></span> <span class='ocrx_word' id='word_1_92' title='bbox 491 1614 587 1665; x_wconf 82' lang='lat' dir='ltr'><strong>Sic</strong></span> <span class='ocrx_word' id='word_1_93' title='bbox 618 1617 635 1645; x_wconf 87' lang='lat'>‘</span> <span class='ocrx_word' id='word_1_94' title='bbox 658 1616 755 1667; x_wconf 82' lang='lat' dir='ltr'><strong>Jus</strong></span> <span class='ocrx_word' id='word_1_95' title='bbox 789 1616 941 1667; x_wconf 86' lang='lat' dir='ltr'><strong>trium</strong></span> <span class='ocrx_word' id='word_1_96' title='bbox 971 1617 1249 1670; x_wconf 90' lang='lat' dir='ltr'><strong>liberorum</strong></span> <span class='ocrx_word' id='word_1_97' title='bbox 1267 1626 1282 1648; x_wconf 84' lang='lat'><em>&#39;</em></span> 
     </span>
     <span class='ocr_line' id='line_1_17' title="bbox 237 1690 1280 1762; baseline 0.009 -23"><span class='ocrx_word' id='word_1_98' title='bbox 237 1701 296 1739; x_wconf 77' lang='lat' dir='ltr'><strong>ex</strong></span> <span class='ocrx_word' id='word_1_99' title='bbox 316 1690 450 1757; x_wconf 75' lang='lat' dir='ltr'><strong>Lege</strong></span> <span class='ocrx_word' id='word_1_100' title='bbox 468 1693 581 1745; x_wconf 81' lang='lat' dir='ltr'><strong>Jul.</strong></span> <span class='ocrx_word' id='word_1_101' title='bbox 599 1692 667 1744; x_wconf 89' lang='lat' dir='ltr'><strong>de</strong></span> <span class='ocrx_word' id='word_1_102' title='bbox 683 1693 965 1747; x_wconf 81' lang='lat' dir='ltr'><strong>Maritand.</strong></span> <span class='ocrx_word' id='word_1_103' title='bbox 985 1695 1169 1748; x_wconf 85' lang='lat' dir='ltr'><strong>Ordin.</strong></span> <span class='ocrx_word' id='word_1_104' title='bbox 1195 1712 1280 1762; x_wconf 90' lang='lat' dir='ltr'><strong>ap.</strong></span> 
     </span>
     <span class='ocr_line' id='line_1_18' title="bbox 237 1765 1281 1838; baseline 0.008 -22"><span class='ocrx_word' id='word_1_105' title='bbox 237 1765 360 1817; x_wconf 85' lang='lat' dir='ltr'><strong>Plin.</strong></span> <span class='ocrx_word' id='word_1_106' title='bbox 381 1776 433 1819; x_wconf 88' lang='lat' dir='ltr'><strong>et</strong></span> <span class='ocrx_word' id='word_1_107' title='bbox 455 1769 609 1820; x_wconf 82' lang='lat' dir='ltr'><strong>alios.</strong></span> <span class='ocrx_word' id='word_1_108' title='bbox 677 1770 747 1820; x_wconf 80' lang='lat' dir='ltr'><strong>Et</strong></span> <span class='ocrx_word' id='word_1_109' title='bbox 777 1772 793 1800; x_wconf 79' lang='lat'><strong>⁴</strong></span> <span class='ocrx_word' id='word_1_110' title='bbox 819 1770 961 1835; x_wconf 83' lang='lat' dir='ltr'><strong>tres,&#39;</strong></span> <span class='ocrx_word' id='word_1_111' title='bbox 992 1772 1281 1838; x_wconf 84' lang='lat' dir='ltr'><strong>‘quatuor,&#39;</strong></span> 
     </span>
     <span class='ocr_line' id='line_1_19' title="bbox 237 1844 1282 1912; baseline 0.009 -19"><span class='ocrx_word' id='word_1_112' title='bbox 237 1844 482 1912; x_wconf 84' lang='lat' dir='ltr'><strong>‘quinque</strong></span> <span class='ocrx_word' id='word_1_113' title='bbox 526 1845 718 1897; x_wconf 86' lang='lat' dir='ltr'><strong>liberi&#39;</strong></span> <span class='ocrx_word' id='word_1_114' title='bbox 764 1846 818 1897; x_wconf 86' lang='lat' dir='ltr'><strong>in</strong></span> <span class='ocrx_word' id='word_1_115' title='bbox 853 1848 998 1899; x_wconf 86' lang='lat' dir='ltr'><strong>libris</strong></span> <span class='ocrx_word' id='word_1_116' title='bbox 1027 1849 1282 1902; x_wconf 81' lang='lat' dir='ltr'><strong>Jctorum</strong></span> 
     </span>
     <span class='ocr_line' id='line_1_20' title="bbox 235 1933 378 1985; baseline 0.014 -16"><span class='ocrx_word' id='word_1_117' title='bbox 235 1933 378 1985; x_wconf 74' lang='lat' dir='ltr'><strong>saepe.</strong></span> 
     </span>
    </p>

    <p class='ocr_par' dir='ltr' id='par_1_3' title="bbox 227 1997 1286 4080">
     <span class='ocr_line' id='line_1_21' title="bbox 295 1997 1282 2067; baseline 0.008 -19"><span class='ocrx_word' id='word_1_118' title='bbox 295 1997 477 2064; x_wconf 72' lang='lat' dir='ltr'><strong>Fames]</strong></span> <span class='ocrx_word' id='word_1_119' title='bbox 535 1999 680 2050; x_wconf 80' lang='lat' dir='ltr'><strong>Vide</strong></span> <span class='ocrx_word' id='word_1_120' title='bbox 717 2015 831 2066; x_wconf 88' lang='lat' dir='ltr'><strong>sup.</strong></span> <span class='ocrx_word' id='word_1_121' title='bbox 857 2005 906 2067; x_wconf 86' lang='lat'><strong>1,</strong></span> <span class='ocrx_word' id='word_1_122' title='bbox 930 2006 1011 2067; x_wconf 92' lang='grc'><strong>10,</strong></span> <span class='ocrx_word' id='word_1_123' title='bbox 1030 2006 1081 2054; x_wconf 74' lang='grc'><strong>2.</strong></span> <span class='ocrx_word' id='word_1_124' title='bbox 1104 2009 1160 2055; x_wconf 89' lang='lat' dir='ltr'><strong>et</strong></span> <span class='ocrx_word' id='word_1_125' title='bbox 1189 2004 1282 2055; x_wconf 86' lang='lat' dir='ltr'><strong>inf.</strong></span> 
     </span>
     <span class='ocr_line' id='line_1_22' title="bbox 237 2076 715 2138; baseline 0.013 -16"><span class='ocrx_word' id='word_1_126' title='bbox 237 2076 283 2138; x_wconf 71' lang='lat'><strong>8,</strong></span> <span class='ocrx_word' id='word_1_127' title='bbox 300 2076 434 2135; x_wconf 56' lang='lat'><strong>229.</strong></span> <span class='ocrx_word' id='word_1_128' title='bbox 489 2076 715 2128; x_wconf 66' lang='lat' dir='ltr'><strong>Freinsh.</strong></span> 
     </span>
     <span class='ocr_line' id='line_1_23' title="bbox 233 2149 1284 2223; baseline 0.01 -25"><span class='ocrx_word' id='word_1_129' title='bbox 233 2173 240 2178; x_wconf 95' lang='lat'>·</span> <span class='ocrx_word' id='word_1_130' title='bbox 291 2149 360 2199; x_wconf 66' lang='lat' dir='ltr'><strong>Ab</strong></span> <span class='ocrx_word' id='word_1_131' title='bbox 399 2152 514 2202; x_wconf 73' lang='lat' dir='ltr'><strong>duce</strong></span> <span class='ocrx_word' id='word_1_132' title='bbox 545 2158 741 2204; x_wconf 69' lang='lat' dir='ltr'><strong>mentes</strong></span> <span class='ocrx_word' id='word_1_133' title='bbox 773 2155 1015 2222; x_wconf 70' lang='lat' dir='ltr'><strong>prelium]</strong></span> <span class='ocrx_word' id='word_1_134' title='bbox 1075 2156 1284 2223; x_wconf 84' lang='lat' dir='ltr'><strong>Scripta</strong></span> 
     </span>
     <span class='ocr_line' id='line_1_24' title="bbox 236 2226 1284 2302; baseline 0.01 -25"><span class='ocrx_word' id='word_1_135' title='bbox 236 2226 394 2294; x_wconf 84' lang='lat' dir='ltr'><strong>lectio,</strong></span> <span class='ocrx_word' id='word_1_136' title='bbox 419 2236 610 2281; x_wconf 74' lang='lat' dir='ltr'><strong>orante.</strong></span> <span class='ocrx_word' id='word_1_137' title='bbox 677 2232 1019 2297; x_wconf 59' lang='lat' dir='ltr'><strong>Legemant:</strong></span> <span class='ocrx_word' id='word_1_138' title='bbox 1052 2236 1284 2302; x_wconf 89' lang='lat' dir='ltr'><strong>seqnitur</strong></span> 
     </span>
     <span class='ocr_line' id='line_1_25' title="bbox 234 2304 1285 2374; baseline 0.01 -20"><span class='ocrx_word' id='word_1_139' title='bbox 234 2304 358 2355; x_wconf 84' lang='lat' dir='ltr'><strong>enim</strong></span> <span class='ocrx_word' id='word_1_140' title='bbox 398 2307 450 2356; x_wconf 89' lang='lat' dir='ltr'><strong>in</strong></span> <span class='ocrx_word' id='word_1_141' title='bbox 489 2306 680 2358; x_wconf 83' lang='lat' dir='ltr'><strong>iisdem</strong></span> <span class='ocrx_word' id='word_1_142' title='bbox 717 2309 948 2374; x_wconf 88' lang='lat' dir='ltr'><strong>scriptis,</strong></span> <span class='ocrx_word' id='word_1_143' title='bbox 983 2316 1031 2361; x_wconf 73' lang='lat' dir='ltr'><strong>et</strong></span> <span class='ocrx_word' id='word_1_144' title='bbox 1074 2312 1156 2362; x_wconf 71' lang='lat' dir='ltr'><strong>nbi</strong></span> <span class='ocrx_word' id='word_1_145' title='bbox 1197 2313 1285 2364; x_wconf 63' lang='grc' dir='ltr'><strong>λοι·</strong></span> 
     </span>
     <span class='ocr_line' id='line_1_26' title="bbox 232 2384 1284 2456; baseline 0.01 -24"><span class='ocrx_word' id='word_1_146' title='bbox 232 2395 317 2432; x_wconf 78' lang='lat' dir='ltr'><strong>m</strong></span> <span class='ocrx_word' id='word_1_147' title='bbox 343 2384 691 2450; x_wconf 56' lang='lat' dir='ltr'><strong>wambane.-</strong></span> <span class='ocrx_word' id='word_1_148' title='bbox 731 2386 868 2452; x_wconf 88' lang='lat' dir='ltr'><strong>quod</strong></span> <span class='ocrx_word' id='word_1_149' title='bbox 898 2389 1059 2453; x_wconf 81' lang='lat' dir='ltr'><strong>magis</strong></span> <span class='ocrx_word' id='word_1_150' title='bbox 1092 2391 1284 2456; x_wconf 83' lang='lat' dir='ltr'><strong>placet.</strong></span> 
     </span>
     <span class='ocr_line' id='line_1_27' title="bbox 289 2551 1284 2622; baseline 0.006 -19"><span class='ocrx_word' id='word_1_151' title='bbox 289 2551 519 2618; x_wconf 71' lang='grc' dir='ltr'><strong>Ταπᾳκωη</strong></span> <span class='ocrx_word' id='word_1_152' title='bbox 544 2553 705 2618; x_wconf 77' lang='lat' dir='ltr'><strong>viros]</strong></span> <span class='ocrx_word' id='word_1_153' title='bbox 738 2554 876 2605; x_wconf 87' lang='lat' dir='ltr'><strong>Nam</strong></span> <span class='ocrx_word' id='word_1_154' title='bbox 897 2552 987 2605; x_wconf 89' lang='lat' dir='ltr'><strong>ille</strong></span> <span class='ocrx_word' id='word_1_155' title='bbox 1010 2556 1143 2607; x_wconf 86' lang='lat' dir='ltr'><strong>alter</strong></span> <span class='ocrx_word' id='word_1_156' title='bbox 1164 2572 1284 2622; x_wconf 90' lang='lat' dir='ltr'><strong>per-</strong></span> 
     </span>
     <span class='ocr_line' id='line_1_28' title="bbox 234 2629 1284 2690; baseline 0.007 -11"><span class='ocrx_word' id='word_1_157' title='bbox 234 2629 374 2680; x_wconf 83' lang='lat' dir='ltr'><strong>eundi</strong></span> <span class='ocrx_word' id='word_1_158' title='bbox 403 2631 613 2690; x_wconf 79' lang='lat' dir='ltr'><strong>modus,</strong></span> <span class='ocrx_word' id='word_1_159' title='bbox 654 2631 922 2683; x_wconf 81' lang='lat' dir='ltr'><strong>vilissimos</strong></span> <span class='ocrx_word' id='word_1_160' title='bbox 956 2631 1284 2686; x_wconf 83' lang='lat' dir='ltr'><strong>fortissimos-</strong></span> 
     </span>
     <span class='ocr_line' id='line_1_29' title="bbox 234 2706 1284 2772; baseline 0.008 -18"><span class='ocrx_word' id='word_1_161' title='bbox 234 2719 323 2769; x_wconf 89' lang='lat' dir='ltr'><strong>que</strong></span> <span class='ocrx_word' id='word_1_162' title='bbox 360 2721 459 2756; x_wconf 89' lang='lat' dir='ltr'><strong>non</strong></span> <span class='ocrx_word' id='word_1_163' title='bbox 497 2706 800 2772; x_wconf 74' lang='lat' dir='ltr'><strong>distinguit.</strong></span> <span class='ocrx_word' id='word_1_164' title='bbox 866 2709 1151 2762; x_wconf 76' lang='lat' dir='ltr'><strong>Senserunt</strong></span> <span class='ocrx_word' id='word_1_165' title='bbox 1186 2712 1284 2762; x_wconf 84' lang='lat' dir='ltr'><strong>hoc</strong></span> 
     </span>
     <span class='ocr_line' id='line_1_30' title="bbox 235 2780 1283 2852; baseline 0.008 -20"><span class='ocrx_word' id='word_1_166' title='bbox 235 2780 504 2835; x_wconf 71' lang='lat' dir='ltr'><strong>Alexandri</strong></span> <span class='ocrx_word' id='word_1_167' title='bbox 531 2786 728 2836; x_wconf 84' lang='lat' dir='ltr'><strong>milites</strong></span> <span class='ocrx_word' id='word_1_168' title='bbox 749 2801 866 2837; x_wconf 89' lang='lat' dir='ltr'><strong>cum</strong></span> <span class='ocrx_word' id='word_1_169' title='bbox 897 2787 914 2814; x_wconf 90' lang='lat'>‘</span> <span class='ocrx_word' id='word_1_170' title='bbox 939 2794 1283 2852; x_wconf 80' lang='lat' dir='ltr'><strong>quererentur</strong></span> 
     </span>
     <span class='ocr_line' id='line_1_31' title="bbox 233 2859 1282 2927; baseline 0.007 -19"><span class='ocrx_word' id='word_1_171' title='bbox 233 2859 557 2913; x_wconf 82' lang='lat' dir='ltr'><strong>clarissimum</strong></span> <span class='ocrx_word' id='word_1_172' title='bbox 588 2876 768 2927; x_wconf 79' lang='lat' dir='ltr'><strong>regem</strong></span> <span class='ocrx_word' id='word_1_173' title='bbox 805 2877 909 2912; x_wconf 91' lang='lat' dir='ltr'><strong>non</strong></span> <span class='ocrx_word' id='word_1_174' title='bbox 942 2862 995 2914; x_wconf 88' lang='lat' dir='ltr'><strong>in</strong></span> <span class='ocrx_word' id='word_1_175' title='bbox 1031 2864 1147 2914; x_wconf 87' lang='lat' dir='ltr'><strong>acie</strong></span> <span class='ocrx_word' id='word_1_176' title='bbox 1184 2867 1282 2915; x_wconf 87' lang='lat' dir='ltr'><strong>sal·</strong></span> 
     </span>
     <span class='ocr_line' id='line_1_32' title="bbox 232 2939 1281 3006; baseline 0.009 -22"><span class='ocrx_word' id='word_1_177' title='bbox 232 2939 348 3002; x_wconf 87' lang='lat' dir='ltr'><strong>tem,</strong></span> <span class='ocrx_word' id='word_1_178' title='bbox 385 2953 489 2989; x_wconf 88' lang='lat' dir='ltr'><strong>non</strong></span> <span class='ocrx_word' id='word_1_179' title='bbox 542 2939 611 2990; x_wconf 88' lang='lat' dir='ltr'><strong>ab</strong></span> <span class='ocrx_word' id='word_1_180' title='bbox 662 2939 811 2990; x_wconf 88' lang='lat' dir='ltr'><strong>boste</strong></span> <span class='ocrx_word' id='word_1_181' title='bbox 860 2939 1143 3006; x_wconf 84' lang='lat' dir='ltr'><strong>dejectum,</strong></span> <span class='ocrx_word' id='word_1_182' title='bbox 1189 2943 1281 2993; x_wconf 88' lang='lat' dir='ltr'><strong>sed</strong></span> 
     </span>
     <span class='ocr_line' id='line_1_33' title="bbox 232 3010 1280 3081; baseline 0.007 -19"><span class='ocrx_word' id='word_1_183' title='bbox 232 3010 509 3065; x_wconf 78' lang='lat' dir='ltr'><strong>abluentem</strong></span> <span class='ocrx_word' id='word_1_184' title='bbox 528 3029 668 3081; x_wconf 89' lang='lat' dir='ltr'><strong>aqua</strong></span> <span class='ocrx_word' id='word_1_185' title='bbox 682 3029 868 3080; x_wconf 85' lang='lat' dir='ltr'><strong>corpus</strong></span> <span class='ocrx_word' id='word_1_186' title='bbox 881 3023 1118 3081; x_wconf 86' lang='lat' dir='ltr'><strong>ereptum</strong></span> <span class='ocrx_word' id='word_1_187' title='bbox 1132 3018 1280 3070; x_wconf 70' lang='lat' dir='ltr'><strong>esse!</strong></span> 
     </span>
     <span class='ocr_line' id='line_1_34' title="bbox 235 3087 1282 3157; baseline 0.005 -18"><span class='ocrx_word' id='word_1_188' title='bbox 235 3087 366 3142; x_wconf 83' lang='lat' dir='ltr'><strong>Curt.</strong></span> <span class='ocrx_word' id='word_1_189' title='bbox 386 3095 437 3154; x_wconf 77' lang='lat'><strong>8,</strong></span> <span class='ocrx_word' id='word_1_190' title='bbox 455 3098 505 3156; x_wconf 80' lang='lat'><strong>5,</strong></span> <span class='ocrx_word' id='word_1_191' title='bbox 531 3098 583 3142; x_wconf 85' lang='lat'><strong>5.</strong></span> <span class='ocrx_word' id='word_1_192' title='bbox 654 3090 774 3140; x_wconf 87' lang='lat' dir='ltr'><strong>Non</strong></span> <span class='ocrx_word' id='word_1_193' title='bbox 804 3091 1002 3156; x_wconf 84' lang='lat' dir='ltr'><strong>pigebit</strong></span> <span class='ocrx_word' id='word_1_194' title='bbox 1033 3093 1282 3157; x_wconf 88' lang='lat' dir='ltr'><strong>subjicere</strong></span> 
     </span>
     <span class='ocr_line' id='line_1_35' title="bbox 232 3169 1284 3236; baseline 0.007 -19"><span class='ocrx_word' id='word_1_195' title='bbox 232 3169 380 3221; x_wconf 83' lang='lat' dir='ltr'><strong>verba</strong></span> <span class='ocrx_word' id='word_1_196' title='bbox 419 3171 657 3222; x_wconf 82' lang='lat' dir='ltr'><strong>Heinsii:</strong></span> <span class='ocrx_word' id='word_1_197' title='bbox 704 3185 856 3236; x_wconf 87' lang='lat' dir='ltr'><strong>quem</strong></span> <span class='ocrx_word' id='word_1_198' title='bbox 889 3171 1149 3222; x_wconf 83' lang='lat' dir='ltr'><strong>literarum</strong></span> <span class='ocrx_word' id='word_1_199' title='bbox 1187 3174 1284 3225; x_wconf 84' lang='lat' dir='ltr'><strong>bac</strong></span> 
     </span>
     <span class='ocr_line' id='line_1_36' title="bbox 230 3247 1284 3312; baseline 0.006 -18"><span class='ocrx_word' id='word_1_200' title='bbox 230 3250 539 3312; x_wconf 71' lang='lat' dir='ltr'><strong>tempestate</strong></span> <span class='ocrx_word' id='word_1_201' title='bbox 556 3247 820 3312; x_wconf 73' lang='lat' dir='ltr'><strong>principes</strong></span> <span class='ocrx_word' id='word_1_202' title='bbox 832 3247 990 3311; x_wconf 81' lang='lat' dir='ltr'><strong>inter,</strong></span> <span class='ocrx_word' id='word_1_203' title='bbox 1009 3261 1284 3301; x_wconf 85' lang='lat' dir='ltr'><strong>consensus</strong></span> 
     </span>
     <span class='ocr_line' id='line_1_37' title="bbox 232 3319 1284 3378; baseline 0.007 -7"><span class='ocrx_word' id='word_1_204' title='bbox 232 3319 495 3375; x_wconf 87' lang='lat' dir='ltr'><strong>doctorum</strong></span> <span class='ocrx_word' id='word_1_205' title='bbox 533 3332 812 3375; x_wconf 80' lang='lat' dir='ltr'><strong>numerat:</strong></span> <span class='ocrx_word' id='word_1_206' title='bbox 863 3340 925 3375; x_wconf 86' lang='lat' dir='ltr'><strong>ea</strong></span> <span class='ocrx_word' id='word_1_207' title='bbox 955 3333 1075 3376; x_wconf 82' lang='lat' dir='ltr'><strong>sunt</strong></span> <span class='ocrx_word' id='word_1_208' title='bbox 1109 3332 1284 3378; x_wconf 86' lang='lat' dir='ltr'><strong>autem</strong></span> 
     </span>
     <span class='ocr_line' id='line_1_38' title="bbox 227 3396 1286 3468; baseline 0.007 -20"><span class='ocrx_word' id='word_1_209' title='bbox 227 3396 278 3448; x_wconf 77' lang='lat' dir='ltr'><strong>in</strong></span> <span class='ocrx_word' id='word_1_210' title='bbox 297 3400 595 3453; x_wconf 84' lang='lat' dir='ltr'><strong>laudatione</strong></span> <span class='ocrx_word' id='word_1_211' title='bbox 628 3400 833 3452; x_wconf 84' lang='lat' dir='ltr'><strong>funebri</strong></span> <span class='ocrx_word' id='word_1_212' title='bbox 851 3402 1113 3468; x_wconf 88' lang='lat' dir='ltr'><strong>Principis</strong></span> <span class='ocrx_word' id='word_1_213' title='bbox 1136 3405 1286 3455; x_wconf 82' lang='lat' dir='ltr'><strong>Mau·</strong></span> 
     </span>
     <span class='ocr_line' id='line_1_39' title="bbox 229 3474 1285 3540; baseline 0.008 -17"><span class='ocrx_word' id='word_1_214' title='bbox 229 3474 349 3540; x_wconf 73' lang='lat' dir='ltr'><strong>sitii,</strong></span> <span class='ocrx_word' id='word_1_215' title='bbox 375 3478 444 3528; x_wconf 90' lang='lat' dir='ltr'><strong>de</strong></span> <span class='ocrx_word' id='word_1_216' title='bbox 465 3477 737 3529; x_wconf 75' lang='lat' dir='ltr'><strong>obsidione</strong></span> <span class='ocrx_word' id='word_1_217' title='bbox 771 3479 1043 3530; x_wconf 80' lang='lat' dir='ltr'><strong>Bredana:</strong></span> <span class='ocrx_word' id='word_1_218' title='bbox 1079 3480 1096 3509; x_wconf 86' lang='lat'>‘</span> <span class='ocrx_word' id='word_1_219' title='bbox 1127 3481 1285 3531; x_wconf 86' lang='lat' dir='ltr'><strong>Hosti</strong></span> 
     </span>
     <span class='ocr_line' id='line_1_40' title="bbox 230 3554 1284 3621; baseline 0.007 -22"><span class='ocrx_word' id='word_1_220' title='bbox 230 3565 352 3604; x_wconf 78' lang='lat' dir='ltr'><strong>nova</strong></span> <span class='ocrx_word' id='word_1_221' title='bbox 389 3555 504 3606; x_wconf 82' lang='lat' dir='ltr'><strong>haec</strong></span> <span class='ocrx_word' id='word_1_222' title='bbox 549 3554 832 3606; x_wconf 71' lang='lat' dir='ltr'><strong>obsidionis</strong></span> <span class='ocrx_word' id='word_1_223' title='bbox 886 3555 1018 3606; x_wconf 88' lang='lat' dir='ltr'><strong>ratio</strong></span> <span class='ocrx_word' id='word_1_224' title='bbox 1072 3556 1284 3621; x_wconf 83' lang='lat' dir='ltr'><strong>placere</strong></span> 
     </span>
     <span class='ocr_line' id='line_1_41' title="bbox 230 3629 1285 3698; baseline 0.004 -19"><span class='ocrx_word' id='word_1_225' title='bbox 230 3629 397 3695; x_wconf 83' lang='lat' dir='ltr'><strong>eoepit,</strong></span> <span class='ocrx_word' id='word_1_226' title='bbox 434 3648 540 3698; x_wconf 87' lang='lat' dir='ltr'><strong>qna</strong></span> <span class='ocrx_word' id='word_1_227' title='bbox 565 3631 630 3682; x_wconf 88' lang='lat' dir='ltr'><strong>de</strong></span> <span class='ocrx_word' id='word_1_228' title='bbox 666 3631 802 3682; x_wconf 83' lang='lat' dir='ltr'><strong>fame</strong></span> <span class='ocrx_word' id='word_1_229' title='bbox 840 3647 901 3684; x_wconf 86' lang='lat' dir='ltr'><strong>ac</strong></span> <span class='ocrx_word' id='word_1_230' title='bbox 924 3640 1159 3698; x_wconf 84' lang='lat' dir='ltr'><strong>egestate</strong></span> <span class='ocrx_word' id='word_1_231' title='bbox 1193 3634 1285 3683; x_wconf 87' lang='lat' dir='ltr'><strong>mi·</strong></span> 
     </span>
     <span class='ocr_line' id='line_1_42' title="bbox 229 3704 1285 3775; baseline 0.006 -22"><span class='ocrx_word' id='word_1_232' title='bbox 229 3704 348 3769; x_wconf 83' lang='lat' dir='ltr'><strong>litis,</strong></span> <span class='ocrx_word' id='word_1_233' title='bbox 369 3723 474 3760; x_wconf 88' lang='lat' dir='ltr'><strong>non</strong></span> <span class='ocrx_word' id='word_1_234' title='bbox 498 3709 567 3758; x_wconf 87' lang='lat' dir='ltr'><strong>de</strong></span> <span class='ocrx_word' id='word_1_235' title='bbox 589 3710 801 3771; x_wconf 81' lang='lat' dir='ltr'><strong>virtute,</strong></span> <span class='ocrx_word' id='word_1_236' title='bbox 817 3709 1181 3774; x_wconf 84' lang='lat' dir='ltr'><strong>triumphatur,</strong></span> <span class='ocrx_word' id='word_1_237' title='bbox 1196 3710 1285 3775; x_wconf 90' lang='lat' dir='ltr'><strong>qui</strong></span> 
     </span>
     <span class='ocr_line' id='line_1_43' title="bbox 228 3782 1284 3852; baseline 0.004 -20"><span class='ocrx_word' id='word_1_238' title='bbox 228 3782 348 3834; x_wconf 83' lang='lat' dir='ltr'><strong>nihil</strong></span> <span class='ocrx_word' id='word_1_239' title='bbox 371 3786 586 3850; x_wconf 74' lang='lat' dir='ltr'><strong>gravius</strong></span> <span class='ocrx_word' id='word_1_240' title='bbox 603 3785 963 3852; x_wconf 72' lang='lat' dir='ltr'><strong>indigniusque</strong></span> <span class='ocrx_word' id='word_1_241' title='bbox 979 3786 1117 3849; x_wconf 89' lang='lat' dir='ltr'><strong>tulit,</strong></span> <span class='ocrx_word' id='word_1_242' title='bbox 1132 3800 1284 3852; x_wconf 86' lang='lat' dir='ltr'><strong>quam</strong></span> 
     </span>
     <span class='ocr_line' id='line_1_44' title="bbox 229 3861 1284 3929; baseline 0.005 -20"><span class='ocrx_word' id='word_1_243' title='bbox 229 3861 358 3924; x_wconf 87' lang='lat' dir='ltr'><strong>qnod</strong></span> <span class='ocrx_word' id='word_1_244' title='bbox 384 3862 585 3927; x_wconf 72' lang='lat' dir='ltr'><strong>praeliis</strong></span> <span class='ocrx_word' id='word_1_245' title='bbox 611 3863 676 3913; x_wconf 87' lang='lat' dir='ltr'><strong>ab</strong></span> <span class='ocrx_word' id='word_1_246' title='bbox 698 3864 843 3915; x_wconf 88' lang='lat' dir='ltr'><strong>hoste</strong></span> <span class='ocrx_word' id='word_1_247' title='bbox 873 3865 1199 3929; x_wconf 82' lang='lat' dir='ltr'><strong>interclusus,</strong></span> <span class='ocrx_word' id='word_1_248' title='bbox 1221 3864 1284 3915; x_wconf 89' lang='lat' dir='ltr'><strong>ad</strong></span> 
     </span>
     <span class='ocr_line' id='line_1_45' title="bbox 232 3934 1286 4005; baseline 0.006 -21"><span class='ocrx_word' id='word_1_249' title='bbox 232 3934 484 4000; x_wconf 78' lang='lat' dir='ltr'><strong>ignaviam</strong></span> <span class='ocrx_word' id='word_1_250' title='bbox 558 3940 901 4004; x_wconf 84' lang='lat' dir='ltr'><strong>redigeretur,</strong></span> <span class='ocrx_word' id='word_1_251' title='bbox 959 3949 1286 4005; x_wconf 77' lang='lat' dir='ltr'><strong>expugnatus</strong></span> 
     </span>
     <span class='ocr_line' id='line_1_46' title="bbox 230 4015 1208 4080; baseline 0.005 -17"><span class='ocrx_word' id='word_1_252' title='bbox 230 4020 506 4080; x_wconf 81' lang='lat' dir='ltr'><strong>antequam</strong></span> <span class='ocrx_word' id='word_1_253' title='bbox 531 4015 956 4080; x_wconf 66' lang='lat' dir='ltr'><strong>oppugnaretur!</strong></span> <span class='ocrx_word' id='word_1_254' title='bbox 993 4015 1208 4068; x_wconf 69' lang='lat' dir='ltr'><strong>Freinsh.</strong></span> 
     </span>
    </p>

    <p class='ocr_par' dir='ltr' id='par_1_4' title="bbox 229 4089 1316 4378">
     <span class='ocr_line' id='line_1_47' title="bbox 292 4089 1291 4159; baseline 0.006 -19"><span class='ocrx_word' id='word_1_255' title='bbox 292 4089 387 4140; x_wconf 74' lang='lat' dir='ltr'><strong>mn·</strong></span> <span class='ocrx_word' id='word_1_256' title='bbox 405 4105 502 4141; x_wconf 71' lang='lat' dir='ltr'><strong>non</strong></span> <span class='ocrx_word' id='word_1_257' title='bbox 520 4091 860 4158; x_wconf 69' lang='lat' dir='ltr'><strong>impetrabant]</strong></span> <span class='ocrx_word' id='word_1_258' title='bbox 888 4094 1056 4159; x_wconf 78' lang='lat' dir='ltr'><strong>Ryek.</strong></span> <span class='ocrx_word' id='word_1_259' title='bbox 1092 4098 1176 4146; x_wconf 81' lang='lat' dir='ltr'><strong>sed</strong></span> <span class='ocrx_word' id='word_1_260' title='bbox 1208 4094 1291 4145; x_wconf 73' lang='lat' dir='ltr'><strong>ubi</strong></span> 
     </span>
     <span class='ocr_line' id='line_1_48' title="bbox 229 4166 1288 4236; baseline 0.004 -19"><span class='ocrx_word' id='word_1_261' title='bbox 229 4166 312 4217; x_wconf 67' lang='lat' dir='ltr'><strong>hoe</strong></span> <span class='ocrx_word' id='word_1_262' title='bbox 351 4182 446 4217; x_wconf 77' lang='lat' dir='ltr'><strong>m</strong></span> <span class='ocrx_word' id='word_1_263' title='bbox 488 4167 835 4232; x_wconf 68' lang='lat' dir='ltr'><strong>impetrabant:</strong></span> <span class='ocrx_word' id='word_1_264' title='bbox 891 4170 1027 4235; x_wconf 89' lang='lat' dir='ltr'><strong>quod</strong></span> <span class='ocrx_word' id='word_1_265' title='bbox 1067 4172 1288 4236; x_wconf 69' lang='lat' dir='ltr'><strong>vulgatas</strong></span> 
     </span>
     <span class='ocr_line' id='line_1_49' title="bbox 229 4241 1316 4313; baseline 0.006 -22"><span class='ocrx_word' id='word_1_266' title='bbox 229 4241 475 4306; x_wconf 67' lang='lat' dir='ltr'><strong>praefero.</strong></span> <span class='ocrx_word' id='word_1_267' title='bbox 528 4243 692 4295; x_wconf 80' lang='lat' dir='ltr'><strong>Groev.</strong></span> <span class='ocrx_word' id='word_1_268' title='bbox 758 4245 821 4297; x_wconf 91' lang='lat' dir='ltr'><strong>In</strong></span> <span class='ocrx_word' id='word_1_269' title='bbox 853 4245 1017 4312; x_wconf 75' lang='lat' dir='ltr'><strong>Ryck.</strong></span> <span class='ocrx_word' id='word_1_270' title='bbox 1059 4246 1146 4297; x_wconf 66' lang='lat' dir='ltr'><strong>hoc</strong></span> <span class='ocrx_word' id='word_1_271' title='bbox 1182 4248 1316 4313; x_wconf 73' lang='lat' dir='ltr'><strong>legi·</strong></span> 
     </span>
     <span class='ocr_line' id='line_1_50' title="bbox 230 4320 1288 4378; baseline 0.005 -8"><span class='ocrx_word' id='word_1_272' title='bbox 230 4332 330 4371; x_wconf 74' lang='lat' dir='ltr'><strong>aon</strong></span> <span class='ocrx_word' id='word_1_273' title='bbox 354 4320 610 4375; x_wconf 80' lang='lat' dir='ltr'><strong>videram.</strong></span> <span class='ocrx_word' id='word_1_274' title='bbox 672 4321 946 4378; x_wconf 79' lang='lat' dir='ltr'><strong>Salmasius</strong></span> <span class='ocrx_word' id='word_1_275' title='bbox 979 4338 1010 4376; x_wconf 86' lang='lat' dir='ltr'><strong>e</strong></span> <span class='ocrx_word' id='word_1_276' title='bbox 1045 4323 1174 4378; x_wconf 79' lang='lat' dir='ltr'><strong>st.</strong></span> <span class='ocrx_word' id='word_1_277' title='bbox 1199 4324 1288 4376; x_wconf 83' lang='lat' dir='ltr'><strong>ad·</strong></span> 
     </span>
    </p>
   </div>
   <div class='ocr_carea' id='block_1_3' title="bbox 1354 384 2420 456">
    <p class='ocr_par' dir='ltr' id='par_1_5' title="bbox 1354 384 2420 456">
     <span class='ocr_line' id='line_1_51' title="bbox 1354 384 2420 456; baseline 0.01 -11"><span class='ocrx_word' id='word_1_278' title='bbox 1354 395 1499 447; x_wconf 77' lang='lat' dir='ltr'><strong>mn.</strong></span> <span class='ocrx_word' id='word_1_279' title='bbox 1548 397 1627 447; x_wconf 85' lang='lat'><strong>11.</strong></span> <span class='ocrx_word' id='word_1_280' title='bbox 1676 399 1840 450; x_wconf 62' lang='lat' dir='ltr'><strong>cm».</strong></span> <span class='ocrx_word' id='word_1_281' title='bbox 1886 384 1988 452; x_wconf 77' lang='lat'><strong>18.</strong></span> <span class='ocrx_word' id='word_1_282' title='bbox 2288 389 2420 456; x_wconf 79' lang='lat'><strong>¹⁷79</strong></span> 
     </span>
    </p>
   </div>
   <div class='ocr_carea' id='block_1_4' title="bbox 1353 541 2423 4373">
    <p class='ocr_par' dir='ltr' id='par_1_6' title="bbox 1353 541 2423 2379">
     <span class='ocr_line' id='line_1_52' title="bbox 1360 541 2423 598; baseline 0.007 -7"><span class='ocrx_word' id='word_1_283' title='bbox 1360 541 2032 595; x_wconf 62' lang='lat' dir='ltr'><strong>notaratubihoemePal.</strong></span> <span class='ocrx_word' id='word_1_284' title='bbox 2071 544 2423 598; x_wconf 53' lang='lat' dir='ltr'><strong>laedebikoc</strong></span> 
     </span>
     <span class='ocr_line' id='line_1_53' title="bbox 1356 620 2419 687; baseline 0.005 -19"><span class='ocrx_word' id='word_1_285' title='bbox 1356 633 1407 669; x_wconf 75' lang='lat' dir='ltr'><strong>n.</strong></span> <span class='ocrx_word' id='word_1_286' title='bbox 1428 633 1459 668; x_wconf 92' lang='lat' dir='ltr'><strong>e</strong></span> <span class='ocrx_word' id='word_1_287' title='bbox 1483 620 1600 671; x_wconf 87' lang='lat' dir='ltr'><strong>Pal.</strong></span> <span class='ocrx_word' id='word_1_288' title='bbox 1640 625 1690 672; x_wconf 81' lang='lat'><strong>2.</strong></span> <span class='ocrx_word' id='word_1_289' title='bbox 1727 625 1775 670; x_wconf 76' lang='lat' dir='ltr'><strong>et</strong></span> <span class='ocrx_word' id='word_1_290' title='bbox 1811 621 1897 670; x_wconf 76' lang='grc' dir='ltr'><strong>Ιιοσ</strong></span> <span class='ocrx_word' id='word_1_291' title='bbox 1915 621 1996 670; x_wconf 74' lang='lat' dir='ltr'><strong>ubi</strong></span> <span class='ocrx_word' id='word_1_292' title='bbox 2015 636 2066 671; x_wconf 73' lang='lat' dir='ltr'><strong>n.</strong></span> <span class='ocrx_word' id='word_1_293' title='bbox 2091 621 2227 687; x_wconf 83' lang='lat' dir='ltr'><strong>quod</strong></span> <span class='ocrx_word' id='word_1_294' title='bbox 2260 623 2419 673; x_wconf 85' lang='lat' dir='ltr'><strong>etiam</strong></span> 
     </span>
     <span class='ocr_line' id='line_1_54' title="bbox 1357 693 2421 761; baseline 0.005 -18"><span class='ocrx_word' id='word_1_295' title='bbox 1357 693 1411 744; x_wconf 82' lang='lat' dir='ltr'><strong>in</strong></span> <span class='ocrx_word' id='word_1_296' title='bbox 1455 695 1610 746; x_wconf 80' lang='lat' dir='ltr'><strong>Fran.</strong></span> <span class='ocrx_word' id='word_1_297' title='bbox 1656 701 1714 746; x_wconf 91' lang='lat' dir='ltr'><strong>et</strong></span> <span class='ocrx_word' id='word_1_298' title='bbox 1755 696 1917 761; x_wconf 73' lang='lat' dir='ltr'><strong>Magi.</strong></span> <span class='ocrx_word' id='word_1_299' title='bbox 1954 704 2067 747; x_wconf 84' lang='lat' dir='ltr'><strong>est:</strong></span> <span class='ocrx_word' id='word_1_300' title='bbox 2119 702 2169 747; x_wconf 79' lang='lat' dir='ltr'><strong>et</strong></span> <span class='ocrx_word' id='word_1_301' title='bbox 2204 697 2315 747; x_wconf 68' lang='lat' dir='ltr'><strong>hinc</strong></span> <span class='ocrx_word' id='word_1_302' title='bbox 2338 698 2421 748; x_wconf 68' lang='lat' dir='ltr'><strong>abi</strong></span> 
     </span>
     <span class='ocr_line' id='line_1_55' title="bbox 1355 769 2420 837; baseline 0.006 -18"><span class='ocrx_word' id='word_1_303' title='bbox 1355 769 1508 821; x_wconf 65' lang='lat' dir='ltr'><strong>Voss.</strong></span> <span class='ocrx_word' id='word_1_304' title='bbox 1554 776 1604 823; x_wconf 78' lang='lat'><strong>2.</strong></span> <span class='ocrx_word' id='word_1_305' title='bbox 1651 775 1731 822; x_wconf 83' lang='lat' dir='ltr'><strong>sed</strong></span> <span class='ocrx_word' id='word_1_306' title='bbox 1771 773 1853 822; x_wconf 70' lang='lat' dir='ltr'><strong>nbi</strong></span> <span class='ocrx_word' id='word_1_307' title='bbox 1899 787 1991 823; x_wconf 76' lang='lat' dir='ltr'><strong>non</strong></span> <span class='ocrx_word' id='word_1_308' title='bbox 2034 773 2199 837; x_wconf 78' lang='lat' dir='ltr'><strong>Regg.</strong></span> <span class='ocrx_word' id='word_1_309' title='bbox 2243 773 2420 825; x_wconf 79' lang='lat' dir='ltr'><strong>Berol.</strong></span> 
     </span>
     <span class='ocr_line' id='line_1_56' title="bbox 1357 846 2418 903; baseline 0.007 -7"><span class='ocrx_word' id='word_1_310' title='bbox 1357 846 1542 898; x_wconf 84' lang='lat' dir='ltr'><strong>Dulsb.</strong></span> <span class='ocrx_word' id='word_1_311' title='bbox 1566 849 1716 899; x_wconf 86' lang='lat' dir='ltr'><strong>Voss.</strong></span> <span class='ocrx_word' id='word_1_312' title='bbox 1740 853 1790 900; x_wconf 72' lang='lat'><strong>8.</strong></span> <span class='ocrx_word' id='word_1_313' title='bbox 1814 856 1872 901; x_wconf 89' lang='lat' dir='ltr'><strong>et</strong></span> <span class='ocrx_word' id='word_1_314' title='bbox 1904 864 1957 899; x_wconf 77' lang='lat' dir='ltr'><strong>v.</strong></span> <span class='ocrx_word' id='word_1_315' title='bbox 1991 864 2040 900; x_wconf 89' lang='lat' dir='ltr'><strong>e.</strong></span> <span class='ocrx_word' id='word_1_316' title='bbox 2062 850 2146 899; x_wconf 72' lang='lat' dir='ltr'><strong>abi</strong></span> <span class='ocrx_word' id='word_1_317' title='bbox 2165 865 2259 900; x_wconf 75' lang='lat' dir='ltr'><strong>noa</strong></span> <span class='ocrx_word' id='word_1_318' title='bbox 2279 852 2418 903; x_wconf 71' lang='lat' dir='ltr'><strong>Flor.</strong></span> 
     </span>
     <span class='ocr_line' id='line_1_57' title="bbox 1356 924 2420 981; baseline 0.007 -8"><span class='ocrx_word' id='word_1_319' title='bbox 1356 927 1426 972; x_wconf 88' lang='lat' dir='ltr'><strong>et·</strong></span> <span class='ocrx_word' id='word_1_320' title='bbox 1468 924 1618 976; x_wconf 83' lang='lat' dir='ltr'><strong>Voss.</strong></span> <span class='ocrx_word' id='word_1_321' title='bbox 1663 930 1711 976; x_wconf 86' lang='lat'><strong>1.</strong></span> <span class='ocrx_word' id='word_1_322' title='bbox 1799 925 1905 977; x_wconf 83' lang='lat' dir='ltr'><strong>Sed</strong></span> <span class='ocrx_word' id='word_1_323' title='bbox 1947 927 2060 977; x_wconf 62' lang='lat' dir='ltr'><strong>hec</strong></span> <span class='ocrx_word' id='word_1_324' title='bbox 2103 927 2242 979; x_wconf 80' lang='lat' dir='ltr'><strong>levia</strong></span> <span class='ocrx_word' id='word_1_325' title='bbox 2279 936 2420 981; x_wconf 86' lang='lat' dir='ltr'><strong>sunt.</strong></span> 
     </span>
     <span class='ocr_line' id='line_1_58' title="bbox 1353 999 2419 1067; baseline 0.006 -17"><span class='ocrx_word' id='word_1_326' title='bbox 1353 999 1569 1051; x_wconf 56' lang='lat' dir='ltr'><strong>Omnes</strong></span> <span class='ocrx_word' id='word_1_327' title='bbox 1602 1016 1709 1052; x_wconf 89' lang='lat' dir='ltr'><strong>non</strong></span> <span class='ocrx_word' id='word_1_328' title='bbox 1742 1001 1896 1053; x_wconf 77' lang='lat' dir='ltr'><strong>video</strong></span> <span class='ocrx_word' id='word_1_329' title='bbox 1919 1002 2172 1067; x_wconf 83' lang='lat' dir='ltr'><strong>quomodo</strong></span> <span class='ocrx_word' id='word_1_330' title='bbox 2204 1005 2419 1057; x_wconf 87' lang='lat' dir='ltr'><strong>retineri</strong></span> 
     </span>
     <span class='ocr_line' id='line_1_59' title="bbox 1356 1076 2418 1142; baseline 0.007 -16"><span class='ocrx_word' id='word_1_331' title='bbox 1356 1076 1560 1140; x_wconf 74' lang='lat' dir='ltr'><strong>possit:</strong></span> <span class='ocrx_word' id='word_1_332' title='bbox 1594 1092 1712 1128; x_wconf 82' lang='lat' dir='ltr'><strong>nam</strong></span> <span class='ocrx_word' id='word_1_333' title='bbox 1734 1092 1837 1129; x_wconf 90' lang='lat' dir='ltr'><strong>non</strong></span> <span class='ocrx_word' id='word_1_334' title='bbox 1854 1079 2082 1129; x_wconf 66' lang='lat' dir='ltr'><strong>cohaeret</strong></span> <span class='ocrx_word' id='word_1_335' title='bbox 2102 1081 2266 1132; x_wconf 89' lang='lat' dir='ltr'><strong>oratio</strong></span> <span class='ocrx_word' id='word_1_336' title='bbox 2286 1082 2418 1142; x_wconf 72' lang='lat' dir='ltr'><strong>haec,</strong></span> 
     </span>
     <span class='ocr_line' id='line_1_60' title="bbox 1356 1151 2419 1223; baseline 0.008 -20"><span class='ocrx_word' id='word_1_337' title='bbox 1356 1151 1416 1202; x_wconf 81' lang='lat' dir='ltr'><strong>ab</strong></span> <span class='ocrx_word' id='word_1_338' title='bbox 1438 1155 1554 1204; x_wconf 72' lang='lat' dir='ltr'><strong>duee</strong></span> <span class='ocrx_word' id='word_1_339' title='bbox 1568 1161 1758 1206; x_wconf 71' lang='lat' dir='ltr'><strong>orantes</strong></span> <span class='ocrx_word' id='word_1_340' title='bbox 1771 1156 1989 1220; x_wconf 65' lang='lat' dir='ltr'><strong>proelim</strong></span> <span class='ocrx_word' id='word_1_341' title='bbox 2011 1158 2190 1221; x_wconf 60' lang='lat' dir='ltr'><strong>picem</strong></span> <span class='ocrx_word' id='word_1_342' title='bbox 2218 1159 2419 1223; x_wconf 73' lang='lat' dir='ltr'><strong>eruptio.</strong></span> 
     </span>
     <span class='ocr_line' id='line_1_61' title="bbox 1357 1227 2421 1299; baseline 0.008 -21"><span class='ocrx_word' id='word_1_343' title='bbox 1357 1227 1599 1280; x_wconf 79' lang='lat' dir='ltr'><strong>Perizon.</strong></span> <span class='ocrx_word' id='word_1_344' title='bbox 1638 1246 1736 1296; x_wconf 90' lang='lat' dir='ltr'><strong>pro</strong></span> <span class='ocrx_word' id='word_1_345' title='bbox 1780 1248 1845 1283; x_wconf 88' lang='lat' dir='ltr'><strong>eo</strong></span> <span class='ocrx_word' id='word_1_346' title='bbox 1887 1247 2093 1299; x_wconf 87' lang='lat' dir='ltr'><strong>quoque</strong></span> <span class='ocrx_word' id='word_1_347' title='bbox 2135 1234 2421 1299; x_wconf 77' lang='lat' dir='ltr'><strong>scripserat</strong></span> 
     </span>
     <span class='ocr_line' id='line_1_62' title="bbox 1356 1308 2420 1363; baseline 0.008 -8"><span class='ocrx_word' id='word_1_348' title='bbox 1356 1312 1508 1357; x_wconf 57' lang='lat' dir='ltr'><strong>murt.</strong></span> <span class='ocrx_word' id='word_1_349' title='bbox 1571 1308 1795 1359; x_wconf 83' lang='lat' dir='ltr'><strong>Videtur</strong></span> <span class='ocrx_word' id='word_1_350' title='bbox 1833 1308 2090 1361; x_wconf 89' lang='lat' dir='ltr'><strong>scribend.</strong></span> <span class='ocrx_word' id='word_1_351' title='bbox 2130 1326 2194 1362; x_wconf 88' lang='lat' dir='ltr'><strong>ac</strong></span> <span class='ocrx_word' id='word_1_352' title='bbox 2236 1311 2420 1363; x_wconf 84' lang='lat' dir='ltr'><strong>distin·</strong></span> 
     </span>
     <span class='ocr_line' id='line_1_63' title="bbox 1357 1383 2415 1452; baseline 0.008 -20"><span class='ocrx_word' id='word_1_353' title='bbox 1357 1383 1546 1447; x_wconf 75' lang='lat' dir='ltr'><strong>guend.</strong></span> <span class='ocrx_word' id='word_1_354' title='bbox 1568 1386 1629 1434; x_wconf 78' lang='lat' dir='ltr'><strong>ab</strong></span> <span class='ocrx_word' id='word_1_355' title='bbox 1652 1387 1791 1437; x_wconf 77' lang='lat' dir='ltr'><strong>Duce</strong></span> <span class='ocrx_word' id='word_1_356' title='bbox 1805 1393 1944 1438; x_wconf 73' lang='lat' dir='ltr'><strong>oront</strong></span> <span class='ocrx_word' id='word_1_357' title='bbox 1975 1389 2211 1452; x_wconf 69' lang='lat' dir='ltr'><strong>prelium,</strong></span> <span class='ocrx_word' id='word_1_358' title='bbox 2233 1395 2290 1440; x_wconf 79' lang='lat' dir='ltr'><strong>at</strong></span> <span class='ocrx_word' id='word_1_359' title='bbox 2309 1395 2348 1440; x_wconf 72' lang='grc' dir='ltr'><strong>ε.</strong></span> <span class='ocrx_word' id='word_1_360' title='bbox 2368 1406 2415 1441; x_wconf 74' lang='lat' dir='ltr'><strong>n.</strong></span> 
     </span>
     <span class='ocr_line' id='line_1_64' title="bbox 1355 1459 2418 1530; baseline 0.008 -21"><span class='ocrx_word' id='word_1_361' title='bbox 1355 1459 1619 1512; x_wconf 78' lang='lat' dir='ltr'><strong>occideret.-</strong></span> <span class='ocrx_word' id='word_1_362' title='bbox 1647 1463 1728 1512; x_wconf 73' lang='lat' dir='ltr'><strong>ubi</strong></span> <span class='ocrx_word' id='word_1_363' title='bbox 1768 1478 1862 1513; x_wconf 73' lang='lat' dir='ltr'><strong>noa</strong></span> <span class='ocrx_word' id='word_1_364' title='bbox 1903 1464 2237 1528; x_wconf 68' lang='lat' dir='ltr'><strong>impetrabant,</strong></span> <span class='ocrx_word' id='word_1_365' title='bbox 2282 1482 2334 1530; x_wconf 73' lang='lat' dir='ltr'><strong>p.</strong></span> <span class='ocrx_word' id='word_1_366' title='bbox 2376 1481 2418 1517; x_wconf 78' lang='lat' dir='ltr'><strong>e.</strong></span> 
     </span>
     <span class='ocr_line' id='line_1_65' title="bbox 1356 1542 2420 1610; baseline 0.003 -17"><span class='ocrx_word' id='word_1_367' title='bbox 1356 1542 1552 1594; x_wconf 86' lang='lat' dir='ltr'><strong>Nescio</strong></span> <span class='ocrx_word' id='word_1_368' title='bbox 1588 1549 1762 1594; x_wconf 87' lang='lat' dir='ltr'><strong>tamen</strong></span> <span class='ocrx_word' id='word_1_369' title='bbox 1786 1555 1849 1594; x_wconf 85' lang='lat' dir='ltr'><strong>an</strong></span> <span class='ocrx_word' id='word_1_370' title='bbox 1872 1549 2061 1594; x_wconf 73' lang='lat' dir='ltr'><strong>orantes</strong></span> <span class='ocrx_word' id='word_1_371' title='bbox 2096 1546 2336 1610; x_wconf 86' lang='lat' dir='ltr'><strong>relinqui,</strong></span> <span class='ocrx_word' id='word_1_372' title='bbox 2363 1553 2420 1596; x_wconf 89' lang='lat' dir='ltr'><strong>et</strong></span> 
     </span>
     <span class='ocr_line' id='line_1_66' title="bbox 1355 1618 2418 1685; baseline 0.003 -16"><span class='ocrx_word' id='word_1_373' title='bbox 1355 1618 1454 1669; x_wconf 84' lang='lat' dir='ltr'><strong>boe</strong></span> <span class='ocrx_word' id='word_1_374' title='bbox 1495 1625 1661 1670; x_wconf 89' lang='lat' dir='ltr'><strong>totum</strong></span> <span class='ocrx_word' id='word_1_375' title='bbox 1697 1621 1773 1671; x_wconf 88' lang='lat' dir='ltr'><strong>ita</strong></span> <span class='ocrx_word' id='word_1_376' title='bbox 1802 1621 1969 1685; x_wconf 85' lang='lat' dir='ltr'><strong>accipi</strong></span> <span class='ocrx_word' id='word_1_377' title='bbox 1992 1621 2189 1685; x_wconf 83' lang='lat' dir='ltr'><strong>possit:</strong></span> <span class='ocrx_word' id='word_1_378' title='bbox 2224 1622 2328 1672; x_wconf 90' lang='lat' dir='ltr'><strong>Ubi</strong></span> <span class='ocrx_word' id='word_1_379' title='bbox 2349 1623 2418 1672; x_wconf 83' lang='lat' dir='ltr'><strong>ab</strong></span> 
     </span>
     <span class='ocr_line' id='line_1_67' title="bbox 1358 1697 2418 1765; baseline 0.003 -18"><span class='ocrx_word' id='word_1_380' title='bbox 1358 1697 1512 1747; x_wconf 90' lang='lat' dir='ltr'><strong>Duce</strong></span> <span class='ocrx_word' id='word_1_381' title='bbox 1547 1698 1784 1762; x_wconf 68' lang='lat' dir='ltr'><strong>pra-lium</strong></span> <span class='ocrx_word' id='word_1_382' title='bbox 1814 1705 2026 1750; x_wconf 88' lang='lat' dir='ltr'><strong>orantes</strong></span> <span class='ocrx_word' id='word_1_383' title='bbox 2048 1714 2150 1749; x_wconf 90' lang='lat' dir='ltr'><strong>non</strong></span> <span class='ocrx_word' id='word_1_384' title='bbox 2172 1699 2418 1765; x_wconf 85' lang='lat' dir='ltr'><strong>impetra-</strong></span> 
     </span>
     <span class='ocr_line' id='line_1_68' title="bbox 1357 1772 2420 1840; baseline 0.004 -16"><span class='ocrx_word' id='word_1_385' title='bbox 1357 1772 1504 1838; x_wconf 83' lang='lat' dir='ltr'><strong>bant,</strong></span> <span class='ocrx_word' id='word_1_386' title='bbox 1541 1774 1743 1838; x_wconf 87' lang='lat' dir='ltr'><strong>placuit</strong></span> <span class='ocrx_word' id='word_1_387' title='bbox 1779 1776 2005 1840; x_wconf 84' lang='lat' dir='ltr'><strong>eruptio.</strong></span> <span class='ocrx_word' id='word_1_388' title='bbox 2086 1776 2202 1826; x_wconf 85' lang='lat' dir='ltr'><strong>Hoc</strong></span> <span class='ocrx_word' id='word_1_389' title='bbox 2241 1777 2420 1840; x_wconf 86' lang='lat' dir='ltr'><strong>placet</strong></span> 
     </span>
     <span class='ocr_line' id='line_1_69' title="bbox 1355 1852 2417 1916; baseline 0.004 -15"><span class='ocrx_word' id='word_1_390' title='bbox 1355 1852 1673 1916; x_wconf 80' lang='lat' dir='ltr'><strong>Wopkensio</strong></span> <span class='ocrx_word' id='word_1_391' title='bbox 1711 1867 1772 1904; x_wconf 86' lang='lat'><strong>11.</strong></span> <span class='ocrx_word' id='word_1_392' title='bbox 1794 1854 2024 1904; x_wconf 86' lang='lat' dir='ltr'><strong>Tullian.</strong></span> <span class='ocrx_word' id='word_1_393' title='bbox 2062 1854 2211 1904; x_wconf 82' lang='lat' dir='ltr'><strong>Lect.</strong></span> <span class='ocrx_word' id='word_1_394' title='bbox 2247 1858 2326 1905; x_wconf 76' lang='lat'><strong>16.</strong></span> <span class='ocrx_word' id='word_1_395' title='bbox 2358 1859 2417 1905; x_wconf 89' lang='lat' dir='ltr'><strong>nt</strong></span> 
     </span>
     <span class='ocr_line' id='line_1_70' title="bbox 1356 1929 2418 1997; baseline 0.002 -18"><span class='ocrx_word' id='word_1_396' title='bbox 1356 1930 1665 1994; x_wconf 87' lang='lat' dir='ltr'><strong>suppleatur</strong></span> <span class='ocrx_word' id='word_1_397' title='bbox 1685 1931 1769 1994; x_wconf 78' lang='lat' dir='ltr'><strong>iis,</strong></span> <span class='ocrx_word' id='word_1_398' title='bbox 1791 1929 1932 1997; x_wconf 89' lang='lat' dir='ltr'><strong>quod</strong></span> <span class='ocrx_word' id='word_1_399' title='bbox 1968 1944 2065 1996; x_wconf 81' lang='lat' dir='ltr'><strong>ego</strong></span> <span class='ocrx_word' id='word_1_400' title='bbox 2087 1945 2293 1996; x_wconf 89' lang='lat' dir='ltr'><strong>quoque</strong></span> <span class='ocrx_word' id='word_1_401' title='bbox 2328 1945 2418 1981; x_wconf 78' lang='lat' dir='ltr'><strong>ex·</strong></span> 
     </span>
     <span class='ocr_line' id='line_1_71' title="bbox 1356 2006 2419 2059; baseline 0.002 -4"><span class='ocrx_word' id='word_1_402' title='bbox 1356 2006 1495 2056; x_wconf 88' lang='lat' dir='ltr'><strong>cludi</strong></span> <span class='ocrx_word' id='word_1_403' title='bbox 1538 2021 1641 2056; x_wconf 91' lang='lat' dir='ltr'><strong>non</strong></span> <span class='ocrx_word' id='word_1_404' title='bbox 1684 2007 1939 2059; x_wconf 77' lang='lat' dir='ltr'><strong>volebam.</strong></span> <span class='ocrx_word' id='word_1_405' title='bbox 2004 2007 2127 2057; x_wconf 88' lang='lat' dir='ltr'><strong>Non</strong></span> <span class='ocrx_word' id='word_1_406' title='bbox 2172 2006 2419 2057; x_wconf 84' lang='lat' dir='ltr'><strong>dissimile</strong></span> 
     </span>
     <span class='ocr_line' id='line_1_72' title="bbox 1357 2082 2416 2149; baseline 0.003 -18"><span class='ocrx_word' id='word_1_407' title='bbox 1357 2088 1438 2133; x_wconf 91' lang='lat' dir='ltr'><strong>est</strong></span> <span class='ocrx_word' id='word_1_408' title='bbox 1475 2084 1574 2134; x_wconf 85' lang='lat' dir='ltr'><strong>hoc</strong></span> <span class='ocrx_word' id='word_1_409' title='bbox 1614 2084 1748 2134; x_wconf 83' lang='lat' dir='ltr'><strong>Livii</strong></span> <span class='ocrx_word' id='word_1_410' title='bbox 1786 2097 1876 2135; x_wconf 85' lang='grc' dir='ltr'><strong>ιιι.</strong></span> <span class='ocrx_word' id='word_1_411' title='bbox 1912 2088 1995 2134; x_wconf 81' lang='grc'><strong>70.</strong></span> <span class='ocrx_word' id='word_1_412' title='bbox 2027 2083 2043 2110; x_wconf 92' lang='lat'>‘</span> <span class='ocrx_word' id='word_1_413' title='bbox 2067 2082 2221 2133; x_wconf 85' lang='lat' dir='ltr'><strong>Unde</strong></span> <span class='ocrx_word' id='word_1_414' title='bbox 2259 2098 2416 2149; x_wconf 83' lang='lat' dir='ltr'><strong>quum</strong></span> 
     </span>
     <span class='ocr_line' id='line_1_73' title="bbox 1356 2159 2419 2227; baseline 0 -17"><span class='ocrx_word' id='word_1_415' title='bbox 1356 2159 1537 2210; x_wconf 86' lang='lat' dir='ltr'><strong>eadem</strong></span> <span class='ocrx_word' id='word_1_416' title='bbox 1561 2160 1757 2212; x_wconf 82' lang='lat' dir='ltr'><strong>reverti</strong></span> <span class='ocrx_word' id='word_1_417' title='bbox 1790 2168 1966 2227; x_wconf 85' lang='lat' dir='ltr'><strong>posset</strong></span> <span class='ocrx_word' id='word_1_418' title='bbox 1988 2160 2054 2211; x_wconf 87' lang='lat' dir='ltr'><strong>ad</strong></span> <span class='ocrx_word' id='word_1_419' title='bbox 2090 2167 2419 2225; x_wconf 80' lang='lat' dir='ltr'><strong>suos...terga</strong></span> 
     </span>
     <span class='ocr_line' id='line_1_74' title="bbox 1355 2236 2417 2303; baseline 0 -17"><span class='ocrx_word' id='word_1_420' title='bbox 1355 2237 1659 2303; x_wconf 75' lang='lat' dir='ltr'><strong>impugnare</strong></span> <span class='ocrx_word' id='word_1_421' title='bbox 1679 2238 1899 2289; x_wconf 84' lang='lat' dir='ltr'><strong>hostium</strong></span> <span class='ocrx_word' id='word_1_422' title='bbox 1929 2237 2089 2288; x_wconf 88' lang='lat' dir='ltr'><strong>satius</strong></span> <span class='ocrx_word' id='word_1_423' title='bbox 2110 2238 2275 2287; x_wconf 76' lang='lat' dir='ltr'><strong>visum</strong></span> <span class='ocrx_word' id='word_1_424' title='bbox 2297 2236 2417 2288; x_wconf 68' lang='lat' dir='ltr'><strong>est!</strong></span> 
     </span>
     <span class='ocr_line' id='line_1_75' title="bbox 1358 2313 2372 2379; baseline 0.001 -16"><span class='ocrx_word' id='word_1_425' title='bbox 1358 2313 1592 2378; x_wconf 58' lang='lat' dir='ltr'><strong>Bega-rus</strong></span> <span class='ocrx_word' id='word_1_426' title='bbox 1614 2320 1754 2365; x_wconf 68' lang='lat' dir='ltr'><strong>orm</strong></span> <span class='ocrx_word' id='word_1_427' title='bbox 1774 2314 2098 2379; x_wconf 70' lang='lat' dir='ltr'><strong>proeliam...et</strong></span> <span class='ocrx_word' id='word_1_428' title='bbox 2118 2313 2201 2363; x_wconf 72' lang='lat' dir='ltr'><strong>abi</strong></span> <span class='ocrx_word' id='word_1_429' title='bbox 2221 2328 2313 2363; x_wconf 73' lang='lat' dir='ltr'><strong>noa</strong></span> <span class='ocrx_word' id='word_1_430' title='bbox 2333 2315 2372 2364; x_wconf 73' lang='grc' dir='ltr'><strong>ι’.</strong></span> 
     </span>
    </p>

    <p class='ocr_par' dir='ltr' id='par_1_7' title="bbox 1354 2387 2422 3924">
     <span class='ocr_line' id='line_1_76' title="bbox 1421 2387 2418 2457; baseline -0.005 -14"><span class='ocrx_word' id='word_1_431' title='bbox 1421 2392 1468 2455; x_wconf 81' lang='lat'><strong>§.</strong></span> <span class='ocrx_word' id='word_1_432' title='bbox 1495 2394 1555 2442; x_wconf 75' lang='lat'><strong>14</strong></span> <span class='ocrx_word' id='word_1_433' title='bbox 1589 2391 1731 2457; x_wconf 76' lang='lat' dir='ltr'><strong>Inde]</strong></span> <span class='ocrx_word' id='word_1_434' title='bbox 1767 2391 1887 2441; x_wconf 88' lang='lat' dir='ltr'><strong>Hoc</strong></span> <span class='ocrx_word' id='word_1_435' title='bbox 1920 2397 2019 2453; x_wconf 83' lang='lat' dir='ltr'><strong>est,</strong></span> <span class='ocrx_word' id='word_1_436' title='bbox 2052 2404 2118 2438; x_wconf 84' lang='lat' dir='ltr'><strong>ex</strong></span> <span class='ocrx_word' id='word_1_437' title='bbox 2152 2387 2418 2439; x_wconf 82' lang='lat' dir='ltr'><strong>cadaveri-</strong></span> 
     </span>
     <span class='ocr_line' id='line_1_77' title="bbox 1357 2464 2420 2529; baseline -0.003 -12"><span class='ocrx_word' id='word_1_438' title='bbox 1357 2465 1451 2517; x_wconf 84' lang='lat' dir='ltr'><strong>bus</strong></span> <span class='ocrx_word' id='word_1_439' title='bbox 1486 2468 1805 2518; x_wconf 85' lang='lat' dir='ltr'><strong>occisorum:</strong></span> <span class='ocrx_word' id='word_1_440' title='bbox 1858 2464 2090 2515; x_wconf 88' lang='lat' dir='ltr'><strong>meminit</strong></span> <span class='ocrx_word' id='word_1_441' title='bbox 2110 2465 2229 2514; x_wconf 84' lang='lat' dir='ltr'><strong>Val.</strong></span> <span class='ocrx_word' id='word_1_442' title='bbox 2258 2465 2336 2514; x_wconf 84' lang='lat' dir='ltr'><strong>M.</strong></span> <span class='ocrx_word' id='word_1_443' title='bbox 2366 2468 2420 2529; x_wconf 80' lang='grc'><strong>7,</strong></span> 
     </span>
     <span class='ocr_line' id='line_1_78' title="bbox 1356 2540 2416 2608; baseline -0.002 -14"><span class='ocrx_word' id='word_1_444' title='bbox 1356 2548 1405 2603; x_wconf 81' lang='grc'><strong>6,</strong></span> <span class='ocrx_word' id='word_1_445' title='bbox 1427 2548 1477 2594; x_wconf 71' lang='grc'><strong>2.</strong></span> <span class='ocrx_word' id='word_1_446' title='bbox 1503 2550 1644 2594; x_wconf 60' lang='lat' dir='ltr'><strong>exn:</strong></span> <span class='ocrx_word' id='word_1_447' title='bbox 1680 2544 1698 2573; x_wconf 80' lang='lat'><strong>⁴</strong></span> <span class='ocrx_word' id='word_1_448' title='bbox 1725 2544 1895 2608; x_wconf 86' lang='lat' dir='ltr'><strong>Capta</strong></span> <span class='ocrx_word' id='word_1_449' title='bbox 1900 2542 2014 2607; x_wconf 85' lang='lat' dir='ltr'><strong>jam</strong></span> <span class='ocrx_word' id='word_1_450' title='bbox 2036 2540 2165 2591; x_wconf 89' lang='lat' dir='ltr'><strong>urbe</strong></span> <span class='ocrx_word' id='word_1_451' title='bbox 2187 2543 2416 2606; x_wconf 90' lang='lat' dir='ltr'><strong>complu-</strong></span> 
     </span>
     <span class='ocr_line' id='line_1_79' title="bbox 1356 2617 2422 2685; baseline -0.001 -15"><span class='ocrx_word' id='word_1_452' title='bbox 1356 2634 1440 2670; x_wconf 90' lang='lat' dir='ltr'><strong>res</strong></span> <span class='ocrx_word' id='word_1_453' title='bbox 1462 2620 1724 2685; x_wconf 84' lang='lat' dir='ltr'><strong>inventos,</strong></span> <span class='ocrx_word' id='word_1_454' title='bbox 1744 2627 1887 2670; x_wconf 89' lang='lat' dir='ltr'><strong>artus</strong></span> <span class='ocrx_word' id='word_1_455' title='bbox 1925 2626 1981 2669; x_wconf 92' lang='lat' dir='ltr'><strong>et</strong></span> <span class='ocrx_word' id='word_1_456' title='bbox 2012 2617 2241 2669; x_wconf 85' lang='lat' dir='ltr'><strong>membra</strong></span> <span class='ocrx_word' id='word_1_457' title='bbox 2262 2619 2422 2669; x_wconf 87' lang='lat' dir='ltr'><strong>truci-</strong></span> 
     </span>
     <span class='ocr_line' id='line_1_80' title="bbox 1357 2697 2419 2765; baseline 0 -17"><span class='ocrx_word' id='word_1_458' title='bbox 1357 2698 1594 2749; x_wconf 85' lang='lat' dir='ltr'><strong>datorum</strong></span> <span class='ocrx_word' id='word_1_459' title='bbox 1633 2711 1912 2765; x_wconf 87' lang='lat' dir='ltr'><strong>corpornm</strong></span> <span class='ocrx_word' id='word_1_460' title='bbox 1946 2697 2060 2747; x_wconf 88' lang='lat' dir='ltr'><strong>sinu</strong></span> <span class='ocrx_word' id='word_1_461' title='bbox 2084 2713 2177 2748; x_wconf 84' lang='lat' dir='ltr'><strong>suo</strong></span> <span class='ocrx_word' id='word_1_462' title='bbox 2211 2704 2419 2762; x_wconf 77' lang='lat' dir='ltr'><strong>gestan·</strong></span> 
     </span>
     <span class='ocr_line' id='line_1_81' title="bbox 1355 2774 2414 2839; baseline -0.003 -12"><span class='ocrx_word' id='word_1_463' title='bbox 1355 2776 1474 2827; x_wconf 84' lang='lat' dir='ltr'><strong>tes.&#39;</strong></span> <span class='ocrx_word' id='word_1_464' title='bbox 1541 2776 1690 2827; x_wconf 85' lang='lat' dir='ltr'><strong>Idem</strong></span> <span class='ocrx_word' id='word_1_465' title='bbox 1715 2776 2014 2837; x_wconf 85' lang='lat' dir='ltr'><strong>Petronius,</strong></span> <span class='ocrx_word' id='word_1_466' title='bbox 2034 2774 2137 2825; x_wconf 83' lang='lat' dir='ltr'><strong>fine</strong></span> <span class='ocrx_word' id='word_1_467' title='bbox 2160 2774 2414 2839; x_wconf 76' lang='lat' dir='ltr'><strong>Satyrici:</strong></span> 
     </span>
     <span class='ocr_line' id='line_1_82' title="bbox 1355 2852 2417 2919; baseline -0.001 -15"><span class='ocrx_word' id='word_1_468' title='bbox 1355 2853 1634 2919; x_wconf 86' lang='lat' dir='ltr'><strong>utrobique</strong></span> <span class='ocrx_word' id='word_1_469' title='bbox 1652 2854 1838 2904; x_wconf 85' lang='lat' dir='ltr'><strong>similla</strong></span> <span class='ocrx_word' id='word_1_470' title='bbox 1874 2852 2105 2904; x_wconf 83' lang='lat' dir='ltr'><strong>invenies</strong></span> <span class='ocrx_word' id='word_1_471' title='bbox 2145 2852 2417 2917; x_wconf 80' lang='lat' dir='ltr'><strong>exempla:</strong></span> 
     </span>
     <span class='ocr_line' id='line_1_83' title="bbox 1358 2929 2417 2997; baseline 0 -17"><span class='ocrx_word' id='word_1_472' title='bbox 1358 2930 1543 2997; x_wconf 86' lang='lat' dir='ltr'><strong>quibus</strong></span> <span class='ocrx_word' id='word_1_473' title='bbox 1569 2943 1847 2982; x_wconf 75' lang='lat' dir='ltr'><strong>accensens</strong></span> <span class='ocrx_word' id='word_1_474' title='bbox 1884 2937 1940 2981; x_wconf 91' lang='lat' dir='ltr'><strong>et</strong></span> <span class='ocrx_word' id='word_1_475' title='bbox 1975 2929 2101 2979; x_wconf 86' lang='lat' dir='ltr'><strong>illud</strong></span> <span class='ocrx_word' id='word_1_476' title='bbox 2136 2930 2417 2980; x_wconf 84' lang='lat' dir='ltr'><strong>Persarum</strong></span> 
     </span>
     <span class='ocr_line' id='line_1_84' title="bbox 1355 3006 2415 3074; baseline -0.003 -14"><span class='ocrx_word' id='word_1_477' title='bbox 1355 3009 1451 3060; x_wconf 87' lang='lat' dir='ltr'><strong>snb</strong></span> <span class='ocrx_word' id='word_1_478' title='bbox 1473 3009 1748 3074; x_wconf 78' lang='lat' dir='ltr'><strong>Cambyse,</strong></span> <span class='ocrx_word' id='word_1_479' title='bbox 1770 3023 1857 3073; x_wconf 89' lang='lat' dir='ltr'><strong>ap.</strong></span> <span class='ocrx_word' id='word_1_480' title='bbox 1891 3008 2011 3059; x_wconf 84' lang='lat' dir='ltr'><strong>Sen.</strong></span> <span class='ocrx_word' id='word_1_481' title='bbox 2037 3006 2106 3057; x_wconf 89' lang='lat' dir='ltr'><strong>de</strong></span> <span class='ocrx_word' id='word_1_482' title='bbox 2125 3006 2234 3069; x_wconf 86' lang='lat' dir='ltr'><strong>Ira,</strong></span> <span class='ocrx_word' id='word_1_483' title='bbox 2256 3010 2309 3068; x_wconf 75' lang='grc'><strong>8,</strong></span> <span class='ocrx_word' id='word_1_484' title='bbox 2330 3010 2415 3057; x_wconf 72' lang='lat'><strong>2⁰.</strong></span> 
     </span>
     <span class='ocr_line' id='line_1_85' title="bbox 1356 3083 2420 3151; baseline -0.001 -17"><span class='ocrx_word' id='word_1_485' title='bbox 1356 3083 1509 3135; x_wconf 86' lang='lat' dir='ltr'><strong>Adde</strong></span> <span class='ocrx_word' id='word_1_486' title='bbox 1525 3084 1663 3151; x_wconf 90' lang='lat' dir='ltr'><strong>quod</strong></span> <span class='ocrx_word' id='word_1_487' title='bbox 1679 3099 1746 3135; x_wconf 77' lang='lat' dir='ltr'><strong>ex</strong></span> <span class='ocrx_word' id='word_1_488' title='bbox 1765 3084 2063 3150; x_wconf 73' lang='lat' dir='ltr'><strong>Olympiod.</strong></span> <span class='ocrx_word' id='word_1_489' title='bbox 2085 3091 2263 3134; x_wconf 87' lang='lat' dir='ltr'><strong>narrat</strong></span> <span class='ocrx_word' id='word_1_490' title='bbox 2282 3083 2420 3133; x_wconf 84' lang='lat' dir='ltr'><strong>Pbo-</strong></span> 
     </span>
     <span class='ocr_line' id='line_1_86' title="bbox 1354 3159 2418 3226; baseline -0.004 -13"><span class='ocrx_word' id='word_1_491' title='bbox 1354 3162 1479 3226; x_wconf 84' lang='lat' dir='ltr'><strong>tius,</strong></span> <span class='ocrx_word' id='word_1_492' title='bbox 1513 3162 1759 3213; x_wconf 84' lang='lat' dir='ltr'><strong>Bibliotb.</strong></span> <span class='ocrx_word' id='word_1_493' title='bbox 1799 3160 1914 3212; x_wconf 86' lang='lat' dir='ltr'><strong>cod.</strong></span> <span class='ocrx_word' id='word_1_494' title='bbox 1950 3165 2031 3213; x_wconf 83' lang='grc'><strong>80.</strong></span> <span class='ocrx_word' id='word_1_495' title='bbox 2061 3162 2078 3191; x_wconf 90' lang='lat'>‘</span> <span class='ocrx_word' id='word_1_496' title='bbox 2106 3162 2245 3212; x_wconf 86' lang='lat' dir='ltr'><strong>Dum</strong></span> <span class='ocrx_word' id='word_1_497' title='bbox 2280 3159 2418 3210; x_wconf 79' lang='lat' dir='ltr'><strong>Van-</strong></span> 
     </span>
     <span class='ocr_line' id='line_1_87' title="bbox 1354 3237 2419 3302; baseline -0.002 -14"><span class='ocrx_word' id='word_1_498' title='bbox 1354 3238 1461 3288; x_wconf 88' lang='lat' dir='ltr'><strong>dali</strong></span> <span class='ocrx_word' id='word_1_499' title='bbox 1479 3238 1759 3302; x_wconf 83' lang='lat' dir='ltr'><strong>Hispanias</strong></span> <span class='ocrx_word' id='word_1_500' title='bbox 1797 3243 2081 3302; x_wconf 81' lang='lat' dir='ltr'><strong>vastarent,</strong></span> <span class='ocrx_word' id='word_1_501' title='bbox 2101 3238 2187 3301; x_wconf 90' lang='lat' dir='ltr'><strong>qni</strong></span> <span class='ocrx_word' id='word_1_502' title='bbox 2224 3237 2277 3286; x_wconf 89' lang='lat' dir='ltr'><strong>in</strong></span> <span class='ocrx_word' id='word_1_503' title='bbox 2312 3247 2419 3287; x_wconf 83' lang='lat' dir='ltr'><strong>nm-</strong></span> 
     </span>
     <span class='ocr_line' id='line_1_88' title="bbox 1356 3314 2416 3379; baseline -0.003 -12"><span class='ocrx_word' id='word_1_504' title='bbox 1356 3324 1496 3367; x_wconf 79' lang='lat' dir='ltr'><strong>rutas</strong></span> <span class='ocrx_word' id='word_1_505' title='bbox 1529 3331 1586 3366; x_wconf 89' lang='lat' dir='ltr'><strong>se</strong></span> <span class='ocrx_word' id='word_1_506' title='bbox 1626 3315 1781 3366; x_wconf 84' lang='lat' dir='ltr'><strong>nrbes</strong></span> <span class='ocrx_word' id='word_1_507' title='bbox 1826 3314 2049 3366; x_wconf 86' lang='lat' dir='ltr'><strong>Romani</strong></span> <span class='ocrx_word' id='word_1_508' title='bbox 2092 3320 2416 3379; x_wconf 83' lang='lat' dir='ltr'><strong>receperant,</strong></span> 
     </span>
     <span class='ocr_line' id='line_1_89' title="bbox 1356 3390 2416 3455; baseline -0.001 -13"><span class='ocrx_word' id='word_1_509' title='bbox 1356 3407 1420 3443; x_wconf 92' lang='lat' dir='ltr'><strong>eo</strong></span> <span class='ocrx_word' id='word_1_510' title='bbox 1454 3393 1628 3444; x_wconf 86' lang='lat' dir='ltr'><strong>inedia</strong></span> <span class='ocrx_word' id='word_1_511' title='bbox 1668 3391 1839 3443; x_wconf 85' lang='lat' dir='ltr'><strong>adacti</strong></span> <span class='ocrx_word' id='word_1_512' title='bbox 1862 3397 2000 3455; x_wconf 87' lang='lat' dir='ltr'><strong>sunt,</strong></span> <span class='ocrx_word' id='word_1_513' title='bbox 2024 3397 2082 3441; x_wconf 89' lang='lat' dir='ltr'><strong>nt</strong></span> <span class='ocrx_word' id='word_1_514' title='bbox 2102 3390 2323 3442; x_wconf 79' lang='lat' dir='ltr'><strong>invicem</strong></span> <span class='ocrx_word' id='word_1_515' title='bbox 2358 3405 2416 3441; x_wconf 90' lang='lat' dir='ltr'><strong>se</strong></span> 
     </span>
     <span class='ocr_line' id='line_1_90' title="bbox 1355 3469 2419 3535; baseline -0.003 -15"><span class='ocrx_word' id='word_1_516' title='bbox 1355 3471 1599 3522; x_wconf 83' lang='lat' dir='ltr'><strong>laniando</strong></span> <span class='ocrx_word' id='word_1_517' title='bbox 1613 3471 1768 3522; x_wconf 92' lang='lat' dir='ltr'><strong>edere</strong></span> <span class='ocrx_word' id='word_1_518' title='bbox 1783 3477 2107 3535; x_wconf 74' lang='lat' dir='ltr'><strong>cogerentur.</strong></span> <span class='ocrx_word' id='word_1_519' title='bbox 2140 3469 2223 3520; x_wconf 91' lang='lat' dir='ltr'><strong>Ibi</strong></span> <span class='ocrx_word' id='word_1_520' title='bbox 2235 3469 2419 3519; x_wconf 85' lang='lat' dir='ltr'><strong>muller</strong></span> 
     </span>
     <span class='ocr_line' id='line_1_91' title="bbox 1354 3550 2416 3615; baseline -0.001 -17"><span class='ocrx_word' id='word_1_521' title='bbox 1354 3562 1480 3610; x_wconf 90' lang='lat' dir='ltr'><strong>nna,</strong></span> <span class='ocrx_word' id='word_1_522' title='bbox 1497 3555 1718 3615; x_wconf 87' lang='lat' dir='ltr'><strong>quatuor</strong></span> <span class='ocrx_word' id='word_1_523' title='bbox 1738 3550 2016 3600; x_wconf 89' lang='lat' dir='ltr'><strong>liberorum</strong></span> <span class='ocrx_word' id='word_1_524' title='bbox 2035 3555 2219 3611; x_wconf 86' lang='lat' dir='ltr'><strong>mater,</strong></span> <span class='ocrx_word' id='word_1_525' title='bbox 2240 3561 2416 3598; x_wconf 87' lang='lat' dir='ltr'><strong>omnes</strong></span> 
     </span>
     <span class='ocr_line' id='line_1_92' title="bbox 1356 3624 2419 3690; baseline -0.004 -14"><span class='ocrx_word' id='word_1_526' title='bbox 1356 3626 1663 3678; x_wconf 66' lang='lat' dir='ltr'><strong>devoravit!</strong></span> <span class='ocrx_word' id='word_1_527' title='bbox 1730 3627 1871 3677; x_wconf 85' lang='lat' dir='ltr'><strong>Nota</strong></span> <span class='ocrx_word' id='word_1_528' title='bbox 1909 3632 2033 3676; x_wconf 89' lang='lat' dir='ltr'><strong>sunt</strong></span> <span class='ocrx_word' id='word_1_529' title='bbox 2064 3639 2179 3690; x_wconf 82' lang='lat' dir='ltr'><strong>qnae</strong></span> <span class='ocrx_word' id='word_1_530' title='bbox 2217 3624 2419 3674; x_wconf 85' lang='lat' dir='ltr'><strong>accide-</strong></span> 
     </span>
     <span class='ocr_line' id='line_1_93' title="bbox 1359 3700 2415 3768; baseline -0.001 -16"><span class='ocrx_word' id='word_1_531' title='bbox 1359 3709 1480 3754; x_wconf 90' lang='lat' dir='ltr'><strong>rnnt</strong></span> <span class='ocrx_word' id='word_1_532' title='bbox 1518 3704 1992 3768; x_wconf 79' lang='lat' dir='ltr'><strong>Hierosolymorum</strong></span> <span class='ocrx_word' id='word_1_533' title='bbox 2015 3700 2230 3751; x_wconf 88' lang='lat' dir='ltr'><strong>obsidio.</strong></span> <span class='ocrx_word' id='word_1_534' title='bbox 2279 3700 2415 3751; x_wconf 82' lang='lat' dir='ltr'><strong>Add.</strong></span> 
     </span>
     <span class='ocr_line' id='line_1_94' title="bbox 1358 3775 2415 3849; baseline -0.007 -15"><span class='ocrx_word' id='word_1_535' title='bbox 1358 3784 1492 3849; x_wconf 80' lang='lat' dir='ltr'><strong>Reg.</strong></span> <span class='ocrx_word' id='word_1_536' title='bbox 1516 3787 1567 3833; x_wconf 74' lang='lat'><strong>4.</strong></span> <span class='ocrx_word' id='word_1_537' title='bbox 1589 3787 1640 3845; x_wconf 78' lang='grc'><strong>6,</strong></span> <span class='ocrx_word' id='word_1_538' title='bbox 1666 3788 1743 3833; x_wconf 82' lang='grc'><strong>15.</strong></span> <span class='ocrx_word' id='word_1_539' title='bbox 1765 3787 1821 3831; x_wconf 90' lang='lat' dir='ltr'><strong>et</strong></span> <span class='ocrx_word' id='word_1_540' title='bbox 1855 3781 1984 3830; x_wconf 88' lang='lat' dir='ltr'><strong>Tac.</strong></span> <span class='ocrx_word' id='word_1_541' title='bbox 2024 3777 2152 3842; x_wconf 77' lang='lat' dir='ltr'><strong>Agr.</strong></span> <span class='ocrx_word' id='word_1_542' title='bbox 2173 3781 2256 3840; x_wconf 69' lang='lat'><strong>28,</strong></span> <span class='ocrx_word' id='word_1_543' title='bbox 2274 3780 2323 3828; x_wconf 78' lang='lat'><strong>8.</strong></span> <span class='ocrx_word' id='word_1_544' title='bbox 2346 3775 2415 3827; x_wconf 88' lang='lat' dir='ltr'><strong>de</strong></span> 
     </span>
     <span class='ocr_line' id='line_1_95' title="bbox 1358 3859 1826 3924; baseline -0.006 -14"><span class='ocrx_word' id='word_1_545' title='bbox 1358 3859 1576 3924; x_wconf 87' lang='lat' dir='ltr'><strong>Usipiis.</strong></span> <span class='ocrx_word' id='word_1_546' title='bbox 1610 3859 1826 3910; x_wconf 66' lang='lat' dir='ltr'><strong>Ereta-«10.</strong></span> 
     </span>
    </p>

    <p class='ocr_par' dir='ltr' id='par_1_8' title="bbox 1359 3931 2418 4373">
     <span class='ocr_line' id='line_1_96' title="bbox 1425 3931 2418 4002; baseline -0.005 -14"><span class='ocrx_word' id='word_1_547' title='bbox 1425 3938 1603 4002; x_wconf 70' lang='lat' dir='ltr'><strong>Raptis</strong></span> <span class='ocrx_word' id='word_1_548' title='bbox 1654 3951 1871 4002; x_wconf 70' lang='lat' dir='ltr'><strong>equorum</strong></span> <span class='ocrx_word' id='word_1_549' title='bbox 1922 3931 2146 3997; x_wconf 72' lang='lat' dir='ltr'><strong>cing-ulis]</strong></span> <span class='ocrx_word' id='word_1_550' title='bbox 2193 3932 2418 3998; x_wconf 79' lang='lat' dir='ltr'><strong>Nempe,</strong></span> 
     </span>
     <span class='ocr_line' id='line_1_97' title="bbox 1359 4011 2415 4081; baseline -0.004 -17"><span class='ocrx_word' id='word_1_551' title='bbox 1359 4015 1543 4081; x_wconf 87' lang='lat' dir='ltr'><strong>quibus</strong></span> <span class='ocrx_word' id='word_1_552' title='bbox 1578 4013 1810 4077; x_wconf 84' lang='lat' dir='ltr'><strong>stragula</strong></span> <span class='ocrx_word' id='word_1_553' title='bbox 1843 4018 1900 4062; x_wconf 90' lang='lat' dir='ltr'><strong>et</strong></span> <span class='ocrx_word' id='word_1_554' title='bbox 1934 4012 2181 4077; x_wconf 82' lang='lat' dir='ltr'><strong>ephippia</strong></span> <span class='ocrx_word' id='word_1_555' title='bbox 2221 4011 2415 4076; x_wconf 75' lang='lat' dir='ltr'><strong>adliga-</strong></span> 
     </span>
     <span class='ocr_line' id='line_1_98' title="bbox 1362 4087 2412 4154; baseline -0.001 -13"><span class='ocrx_word' id='word_1_556' title='bbox 1362 4091 1580 4152; x_wconf 83' lang='lat' dir='ltr'><strong>bantnr&#39;;</strong></span> <span class='ocrx_word' id='word_1_557' title='bbox 1617 4090 1682 4139; x_wconf 85' lang='lat' dir='ltr'><strong>de</strong></span> <span class='ocrx_word' id='word_1_558' title='bbox 1702 4090 1886 4154; x_wconf 85' lang='lat' dir='ltr'><strong>quibus</strong></span> <span class='ocrx_word' id='word_1_559' title='bbox 1902 4088 2004 4140; x_wconf 81' lang='lat' dir='ltr'><strong>Ov.</strong></span> <span class='ocrx_word' id='word_1_560' title='bbox 2027 4088 2090 4138; x_wconf 87' lang='lat' dir='ltr'><strong>R.</strong></span> <span class='ocrx_word' id='word_1_561' title='bbox 2120 4087 2184 4139; x_wconf 87' lang='grc' dir='ltr'><strong>Α.</strong></span> <span class='ocrx_word' id='word_1_562' title='bbox 2206 4103 2281 4139; x_wconf 81' lang='lat' dir='ltr'><strong>vs.</strong></span> <span class='ocrx_word' id='word_1_563' title='bbox 2297 4093 2412 4140; x_wconf 71' lang='lat'><strong>288.</strong></span> 
     </span>
     <span class='ocr_line' id='line_1_99' title="bbox 1361 4165 2412 4233; baseline -0.004 -15"><span class='ocrx_word' id='word_1_564' title='bbox 1361 4166 1572 4233; x_wconf 86' lang='lat' dir='ltr'><strong>Apulei.</strong></span> <span class='ocrx_word' id='word_1_565' title='bbox 1608 4167 1674 4216; x_wconf 90' lang='lat' dir='ltr'><strong>de</strong></span> <span class='ocrx_word' id='word_1_566' title='bbox 1713 4167 1833 4217; x_wconf 92' lang='lat' dir='ltr'><strong>Deo</strong></span> <span class='ocrx_word' id='word_1_567' title='bbox 1867 4166 2010 4216; x_wconf 81' lang='lat' dir='ltr'><strong>Socr.</strong></span> <span class='ocrx_word' id='word_1_568' title='bbox 2047 4179 2167 4231; x_wconf 78' lang='lat' dir='ltr'><strong>pag.</strong></span> <span class='ocrx_word' id='word_1_569' title='bbox 2202 4168 2281 4214; x_wconf 74' lang='lat'><strong>⁶4.</strong></span> <span class='ocrx_word' id='word_1_570' title='bbox 2312 4165 2412 4214; x_wconf 85' lang='lat' dir='ltr'><strong>Ed.</strong></span> 
     </span>
     <span class='ocr_line' id='line_1_100' title="bbox 1361 4242 2414 4306; baseline -0.003 -12"><span class='ocrx_word' id='word_1_571' title='bbox 1361 4243 1595 4295; x_wconf 85' lang='lat' dir='ltr'><strong>Elmenh.</strong></span> <span class='ocrx_word' id='word_1_572' title='bbox 1629 4242 1901 4293; x_wconf 88' lang='lat' dir='ltr'><strong>Ciaudian.</strong></span> <span class='ocrx_word' id='word_1_573' title='bbox 1918 4242 2073 4306; x_wconf 78' lang='lat' dir='ltr'><strong>Epig.</strong></span> <span class='ocrx_word' id='word_1_574' title='bbox 2096 4254 2191 4291; x_wconf 82' lang='lat' dir='ltr'><strong>xx.</strong></span> <span class='ocrx_word' id='word_1_575' title='bbox 2214 4252 2333 4290; x_wconf 82' lang='lat' dir='ltr'><strong>xxi.</strong></span> <span class='ocrx_word' id='word_1_576' title='bbox 2357 4248 2414 4291; x_wconf 89' lang='lat' dir='ltr'><strong>et</strong></span> 
     </span>
     <span class='ocr_line' id='line_1_101' title="bbox 1362 4316 2413 4373; baseline -0.007 0"><span class='ocrx_word' id='word_1_577' title='bbox 1362 4333 1520 4373; x_wconf 74' lang='lat' dir='ltr'><strong>xxiv.</strong></span> <span class='ocrx_word' id='word_1_578' title='bbox 1541 4318 1631 4372; x_wconf 82' lang='lat' dir='ltr'><strong>ubi</strong></span> <span class='ocrx_word' id='word_1_579' title='bbox 1654 4320 1812 4373; x_wconf 82' lang='lat' dir='ltr'><strong>etiam</strong></span> <span class='ocrx_word' id='word_1_580' title='bbox 1834 4319 1849 4348; x_wconf 86' lang='lat'>‘</span> <span class='ocrx_word' id='word_1_581' title='bbox 1869 4332 2020 4371; x_wconf 77' lang='lat' dir='ltr'><strong>zonas</strong></span> <span class='ocrx_word' id='word_1_582' title='bbox 2036 4318 2050 4341; x_wconf 85' lang='lat'>&#39;</span> <span class='ocrx_word' id='word_1_583' title='bbox 2076 4324 2130 4368; x_wconf 88' lang='lat' dir='ltr'><strong>et</strong></span> <span class='ocrx_word' id='word_1_584' title='bbox 2153 4318 2169 4346; x_wconf 86' lang='lat'>‘</span> <span class='ocrx_word' id='word_1_585' title='bbox 2189 4316 2383 4368; x_wconf 82' lang='lat' dir='ltr'><strong>balteos</strong></span> <span class='ocrx_word' id='word_1_586' title='bbox 2397 4316 2413 4341; x_wconf 69' lang='lat'><strong>³</strong></span> 
     </span>
    </p>
   </div>
  </div>
 </body>
</html>
