2950 4892
707 401 771 450 1..
815 398 1078 450 summ
1127 399 1349 451 nom
1396 400 1541 451 nus.
1589 398 1699 450 ιιι.
1730 399 1907 459 ,cim
1948 386 2016 452 6.

256 548 532 657 fliium·
604 558 916 613 quamquam
990 543 1119 596 nibil
1182 546 1331 596 vetat

256 629 526 693 ‘utraque
551 624 711 676 Ponti
732 621 849 674 ora’
882 620 1052 687 accipi
1087 622 1155 672 de
1188 627 1331 671 utro·

257 719 367 773 qne
400 705 660 768 Bosporo,
689 699 910 752 Thracio
943 704 1003 749 et
1035 697 1330 751 Cimmerio.

257 780 388 831 vid.
424 779 494 831 ad
533 792 598 830 ιι.
637 781 718 829 17.
758 779 807 826 7.
841 782 900 827 et
935 774 1003 826 cl.
1040 774 1225 825 Burm.
1260 772 1329 825 ad

256 855 408 906 Veli.
429 868 494 906 ιι.
520 858 632 907 161.

255 931 612 1062 clamosius]
634 926 1176 992 vid.1nd.8211.Jng.
1194 926 1326 992 Cap.

360 1009 627 1073 ‘‚Consul
674 1008 823 1074 qussi
872 1006 1015 1057 nullo
1066 1003 1330 1070 imposito,

256 1086 441 1138 omnia
461 1082 774 1150 providere!

327 1161 547 1226 Plotia-s]
579 1161 667 1213 Ita
703 1159 860 1210 etiam
894 1155 1168 1223 Appianas
1189 1156 1328 1209 hunc

256 1247 426 1292 vocet
461 1241 516 1290 in
552 1238 738 1291 Mitbr.
771 1252 824 1302 p.
855 1240 971 1287 226.
1038 1234 1145 1300 Ap.
1177 1236 1327 1287 Fulv.

259 1314 551 1369 Ursinum‘
533 1329 590 1369 ιιι
614 1314 852 1365 Nummis
869 1312 1059 1365 Gentis
1072 1311 1327 1364 Publicius

257 1394 475 1459 quidam
509 1392 746 1457 putabet,
773 1390 862 1447 bic
900 1396 958 1441 et
991 1389 1043 1441 in
1073 1388 1216 1455 App.
1253 1390 1328 1441 le-

258 1471 489 1536 gendnm
520 1484 640 1521 esse
673 1467 933 1531 Poblt'cins,
964 1482 996 1518 e
1020 1465 1227 1519 denario
1248 1469 1327 1519 M.

259 1546 508 1606 Publicii,
539 1545 703 1612 quiin
742 1559 808 1596 eo
835 1543 1074 1609 Pompeii
1096 1543 1233 1611 Imp.
1256 1545 1328 1596 le·

205 1669 214 1675 .
258 1630 418 1712 gatus
436 1623 774 1687 Propraetore
792 1617 949 1671 fuisse
970 1618 1179 1675 dicitur.
1210 1621 1329 1671 Me-

258 1686 545 1753 diobarbus
588 1711 796 1764 quoque
847 1697 903 1747 in
965 1696 1327 1748 Numismstib.

259 1773 581 1840 Imperator.
618 1788 668 1837 p.
699 1778 748 1824 2.
781 1772 847 1824 ad
883 1756 1148 1825 denarium
1184 1773 1328 1825 illum

257 1849 500 1914 adnotat,
534 1849 600 1901 de
634 1850 997 1907 boc‚Poblicio
1033 1863 1190 1914 agere
1212 1849 1328 1902 Flo·

259 1941 383 1981 rum
421 1929 479 1979 Ι..
507 1940 600 1978 ιιι.
633 1936 691 1978 et
728 1925 959 1992 Appisn.
992 1927 1046 1977 in
1087 1925 1326 1993 Mithrid.

259 2002 362 2055 sed
383 2018 560 2055 errore
591 2003 914 2054 librariorum
939 2003 1078 2067 apud
1101 2017 1189 2054 eos
1222 2003 1328 2068 legi

257 2082 479 2144 Plotina,
517 2095 620 2131 non
658 2079 929 2131 poblicius.-
972 2086 1032 2130 et
1071 2079 1138 2130 de
1176 2085 1327 2132 textu

259 2157 406 2209 Flori
425 2157 771 2209 eruditissime
793 2157 1023 2208 scribere
1053 2157 1201 2207 Fulv.
1225 2157 1329 2207 Ur-

256 2234 431 2286 sinum
466 2234 522 2285 in
554 2235 692 2285 notis
714 2233 782 2284 ad
802 2234 938 2284 hunc
959 2233 1226 2285 denarium
1248 2232 1327 2287 fa·

256 2311 421 2363 miliae
468 2311 738 2363 Pobliciae.
816 2310 1111 2361 Admodum
1166 2310 1328 2377 negli-

258 2395 454 2454 tenter
485 2386 716 2454 inspexit
749 2388 1012 2439 Ursinum.
1080 2387 1217 2438 Nam
1240 2387 1327 2439 hic

258 2466 571 2516 ostenderat
614 2479 796 2515 vanam
841 2478 956 2514 esse
994 2464 1135 2515 illam
1175 2464 1327 2515 amici

257 2542 346 2593 sui
366 2543 743 2607 conjecturam,
776 2556 862 2605 eo,
892 2540 1032 2607 quod
1065 2555 1095 2591 e
1119 2554 1327 2592 nummo

256 2618 382 2684 ipso
392 2625 619 2679 constet,
632 2616 926 2670 Publicium
935 2616 1174 2682 Pompeii
1186 2618 1326 2681 lega·

258 2701 378 2746 tum
402 2694 665 2761 Propraet.
687 2693 740 2744 in
761 2691 1036 2757 Hispania,
1061 2706 1161 2742 non
1186 2691 1326 2743 bello

258 2772 500 2823 Piratico
536 2769 710 2822 fuisse.
778 2769 849 2820 Et
881 2769 993 2834 ipse
1026 2767 1326 2819 Mediobar·

259 2848 360 2901 bus
382 2863 503 2899 eum
524 2846 687 2899 refert
703 2845 771 2897 ad
796 2845 861 2897 A.
880 2845 948 2896 U.
971 2849 1085 2897 699.
1110 2859 1213 2912 qno
1237 2845 1327 2897 du·

258 2926 388 2977 dum
407 2924 628 2977 ,finitum
658 2932 773 2975 erat
802 2923 995 2974 bellum
1020 2922 1324 2975 Piraticum.

258 3004 354 3056 De
391 3003 599 3055 nomine
633 3000 788 3053 Plotii
823 3005 998 3050 antem
1033 2999 1110 3050 ita
1142 2998 1329 3050 scribit

256 3080 518 3131 Ursinusz
563 3079 618 3130 Si
655 3079 709 3129 in
747 3076 991 3142 Appiano
1037 3076 1328 3127 retineatur

258 3158 497 3222 nurus,
527 3157 688 3209 etiam
722 3155 774 3206 ln
814 3156 970 3215 Floro
994 3154 1326 3206 retinendum

258 3250 376 3287 esse
414 3235 623 3297 Plotius,
656 3248 752 3299 pro
791 3231 1030 3297 Plotina,
1071 3231 1209 3299 quod
1253 3231 1326 3283 ibi

257 3313 530 3366 habebant
572 3314 751 3365 Ursini
807 3311 1127 3376 exemplaria
1167 3308 1326 3362 Flori.

255 3390 366 3442 Sed
387 3391 600 3442 omnino
635 3389 960 3442 retinendum
994 3396 1075 3439 est
1111 3388 1327 3452 Plotius,

257 3468 414 3532 eujus
435 3468 593 3519 etism
619 3482 708 3532 ap.
729 3467 842 3518 Cic.
875 3472 933 3516 et
969 3465 1097 3515 alios
1128 3465 1326 3516 mentio

259 3551 360 3596 est.
430 3543 556 3595 vid.
578 3542 730 3608 Pigb.
753 3539 910 3592 adA.
928 3541 995 3592 U.
1016 3544 1132 3593 677.

325 3622 376 3685 9.
399 3624 436 3670 9
469 3617 735 3683 Gratus-nd
765 3616 903 3670 J.1·‘.
927 3617 1222 3681 Gronovius
1251 3618 1327 3668 le·

260 3697 340 3762 git
371 3697 442 3748 P.
465 3696 668 3746 Atilius.
701 3695 876 3746 Groev.
941 3694 1084 3745 Libri
1116 3692 1326 3760 quidam

259 3771 464 3835 vineti,
487 3772 660 3823 Berol.
677 3771 864 3822 Dnisb.
890 3775 1017 3822 eto.
1041 3784 1089 3821 e.
1105 3784 1155 3821 v.
1195 3770 1326 3821 Gra-

257 3848 434 3900 tmin.
454 3849 623 3915 Ryck.
653 3848 905 3900 Graculus.
943 3847 1220 3903 Salmasius
1240 3848 1325 3900 hic

257 3941 289 3976 e
334 3926 474 3979 Pali.
518 3924 680 3976 etiam
722 3924 916 3990 aliquid
959 3924 1326 3991 adscripscrat,

258 4003 354 4057 sed
375 4002 613 4053 evulsum
629 4009 747 4053 erat
761 4001 829 4051 ab
846 4000 957 4065 ejus
978 4000 1111 4051 libro
1129 3999 1327 4067 folium,

255 4080 312 4132 in
354 4079 500 4147 quod
540 4079 846 4131 varietatem
888 4080 1166 4146 scripturn
1204 4095 1325 4132 con·

257 4156 475 4219 tulerat,
507 4156 620 4205 sola
639 4155 826 4208 relicta
846 4154 1003 4207 litera
1027 4157 1095 4208 G.
1129 4157 1327 4222 Appia·

254 4247 354 4287 nus
378 4247 525 4311 mare
545 4230 865 4298 ligusticum
885 4239 943 4283 et
963 4231 1225 4285 Gallicum
1244 4233 1325 4285 M.

1403 542 1694 610 Pomponio
1716 545 2035 597 adtributum
2069 544 2231 598 fuine
2266 547 2460 601 tradit:

1403 621 1639 676 Africum
1679 638 1797 675 cum
1834 624 2096 688 sardinis,
2134 624 2361 689 Corsica,
2403 634 2470 679 et-

1401 699 1586 751 vicinis
1618 700 1797 751 insulis
1818 701 2044 757 Lentulo
2064 703 2372 754 Marcellino
2405 710 2465 756 et

1400 776 1595 831 Publio
1614 776 1793 829 Atilio.
1838 778 2027 846 Itaque
2043 777 2263 831 forsitan
2277 780 2463 835 Amin·

1401 854 1620 919 scripsit
1656 854 1858 919 Florus,
1904 861 1966 906 ut
2008 856 2221 907 volebat
2260 857 2464 909 Grono-

1400 929 1532 989 vius.
1601 931 1737 982 Nam
1760 946 2102 997 necusquam
2139 934 2156 962 ⁴
2182 931 2463 999 Gratilios',

1400 1009 1674 1061 memorari
1695 1009 1921 1059 invenio.
1966 1008 2073 1060 Pro
2096 1008 2344 1075 Pompeius
2363 1008 2461 1061 eti-

1341 1134 1346 1139 .
1402 1100 1486 1136 am
1510 1084 1746 1149 suspicor
1767 1084 1974 1151 legend.
1998 1084 2303 1151 Pomponius,
2326 1087 2461 1153 utin

1466 1239 1684 1304 Fretum,
1701 1253 1793 1303 qua
1817 1238 2050 1305 priam]
2083 1239 2340 1292 Dissentit
2359 1240 2460 1291 hoc

1401 1313 1518 1365 loco
1540 1314 1720 1369 Florus
1753 1330 1785 1364 a
1812 1317 2021 1380 ceteris„
2053 1332 2158 1369 non
2192 1317 2473 1383 voluntate,

1400 1406 1512 1457 sua,
1543 1393 1637 1447 sed
1661 1392 1788 1444 vitio
1809 1394 2156 1445 librariorum.
2224 1393 2462 1446 Distine-

1403 1469 1547 1520 tione
1584 1484 1668 1523 res
1704 1469 2001 1533 conveniet,
2034 1470 2076 1520 sl
2113 1469 2190 1521 ita
2226 1469 2461 1533 scribas;

1386 1544 1606 1603 fretun.-
1636 1560 1729 1610 qua
1753 1545 2128 1609 ρήιιιιιιιιιιιιιήο
2146 1546 2297 1595 aedri
2316 1546 2461 1597 umen

1399 1620 1634 1685 aperitur,
1663 1620 1923 1680 Lat-lm,-
1953 1620 2184 1686 Libye-n·
2217 1620 2464 1675 Marcelli·

1398 1711 1521 1756 nun
1540 1690 1827 1763 Egyptian
1843 1688 2291 1762 Pompeiijuoem;
2312 1697 2461 1747 Adri-

1396 1775 1578 1827 aum
1603 1774 1754 1826 Varro
1776 1772 2051 1834 Taeentiusg
2072 1774 2311 1838 AEgasnn,
2333 1773 2462 1827 Pon·

1399 1851 1568 1915 ticum,
1606 1856 1657 1903 st
1700 1850 2033 1917 Pamphylium
2084 1850 2325 1901 Metellus.
2370 1850 2461 1901 Fr.

1398 1928 1596 1994 Verba,
1619 1928 1637 1957 ⁴
1663 1941 1766 1994 qna
1791 1928 2011 1993 primum
2032 1926 2190 1977 maris
2211 1926 2374 1978 nostri
2395 1927 2461 1976 li·

1398 2019 1520 2055 men
1542 2004 1812 2073 aperitur‚’
1847 2018 1947 2054 non
1972 2011 2094 2055 sunt
2115 2003 2407 2069 separanda
2428 2019 2462 2054 ι

1400 2081 1823 2146 precedentibus
1852 2081 1869 2109 ‘
1890 2080 2208 2135 Gaditanum
2231 2080 2462 2132 fretum?

1400 2158 1539 2209 Nam
1563 2159 1701 2210 idem
1723 2166 1808 2210 est
1839 2160 1858 2190 ‘
1881 2158 2200 2211 Gaditanum
2232 2156 2462 2221 fretum,'

1399 2242 1457 2286 et
1482 2236 1553 2300 id,
1583 2236 1602 2266 ‘
1618 2251 1719 2304 qua
1738 2235 1895 2287 maris
1916 2235 2078 2287 nostri
2112 2236 2271 2286 limen
2291 2234 2463 2300 speri-

1400 2312 1526 2376 tur,’
1564 2313 1599 2364 i.
1635 2327 1685 2365 e.
1735 2313 2054 2365 Gaditanum
2102 2310 2464 2378 fretum,.qua

1401 2390 1648 2441 Oceanus
1709 2390 1999 2454 irrumpens
2057 2396 2115 2440 et
2157 2388 2354 2438 intrans
2407 2387 2464 2437 in

1398 2480 1544 2515 mare
1581 2472 1814 2517 nostrum
1843 2463 2172 2526 diffunditur,
2206 2472 2266 2515 ut
2298 2464 2469 2533 loqui·⁸

1401 2547 1489 2592 tur
1523 2542 1663 2594 Plin.
1712 2532 1926 2606 prooem.
1975 2541 2093 2593 Lib.
2137 2555 2223 2592 ιιι.
2270 2540 2341 2591 Η.
2388 2540 2461 2592 N.

1399 2614 1652 2685 Idemque
1671 2633 1848 2669 rursus
1869 2632 1957 2668 ιιι.
1978 2624 2028 2670 5.
2065 2625 2121 2668 et
2158 2617 2302 2667 Mela
2335 2630 2376 2667 1.
2412 2621 2461 2667 1.

1400 2706 1518 2759 quae
1539 2695 1654 2745 loca
1675 2695 1792 2758 lege
1816 2708 1903 2757 sp.
1922 2694 2086 2747 Wass.
2109 2694 2177 2744 ad
2197 2693 2320 2744 Sall.
2336 2692 2463 2758 Jug.

1401 2783 1502 2822 xx.
1569 2771 1690 2822 Hoc
1725 2773 1872 2822 lim
1903 2771 2058 2821 maris
2092 2770 2464 2822 mediterranei

1401 2847 1559 2913 vulgo
1582 2846 1859 2899 vocabant.
1927 2847 2067 2897 Plin.
2090 2847 2220 2899 dict.
2243 2861 2461 2912 procem.
2526 2902 2535 2915 =

1401 2925 1418 2954 ⁴
1452 2924 1586 2976 Tam
1642 2924 1846 2976 modico
1909 2938 2000 2975 ore
2036 2929 2171 2991 ‘tam
2212 2922 2465 2974 immense

1401 3018 1668 3069 equorum
1692 3004 1910 3055 vastitas
1936 3004 2201 3070 panditur.
2258 3003 2375 3056 Qua
2396 2999 2464 3069 (ις

1401 3096 1561 3133 cansa
1582 3082 1741 3133 limen
1762 3081 1953 3133 interni
1974 3081 2130 3132 maris
2150 3094 2268 3132 eum
2290 3081 2463 3131 locum

1402 3157 1775 3225 appellavere?¹
1835 3156 2109 3225 Appianus
2132 3157 2319 3209 scribit
2353 3157 2466 3208 Ne-

1401 3249 1580 3286 ronem
1613 3241 1672 3286 et
1698 3236 2015 3303 Torquatum
2040 3236 2305 3289 columnas
2326 3234 2464 3286 Her-

1400 3312 1530 3362 culis
1553 3327 1735 3363 curare
1748 3312 1958 3378 jussos:
1981 3310 2119 3378 quod
2140 3310 2252 3362 aliis
2276 3310 2464 3373 verbis,

1397 3388 1493 3439 sed
1531 3388 1715 3440 eadem
1751 3389 2013 3441 sententie
2050 3388 2310 3453 expressit
2345 3388 2465 3439 Flo·

1398 3478 1522 3516 rus:
1556 3479 1676 3515 nam
1699 3466 1952 3519 columnae
1984 3464 2230 3516 Herculis
2253 3469 2376 3514 sunt
2395 3458 2464 3513 ad

1396 3537 1589 3593 fretum
1610 3541 1951 3606 Gaditanum,
1988 3540 2079 3590 ubi
2112 3540 2299 3605 incipit
2319 3553 2463 3590 mare

1397 3619 1861 3683 mediterraneum,
1893 3633 1991 3684 pro
2028 3632 2131 3684 quo
2167 3616 2465 3680 Scriptores

1397 3711 1572 3748 rerum
1595 3697 1941 3748 Romanarum
1973 3694 2258 3759 saepissime
2281 3684 2465 3759 dicunt

1397 3773 1668 3825 ‘nostrum
1690 3772 1865 3823 mare!
1930 3771 2045 3821 Liv.
2086 3782 2249 3820 xxvi.
2286 3773 2370 3818 42.
2405 3773 2464 3820 et

1399 3864 1612 3903 xxvm.
1656 3855 1702 3903 1.
1735 3851 1873 3901 Caes.
1913 3863 1968 3900 v.
2008 3849 2074 3899 B.
2114 3847 2183 3897 G.
2224 3852 2269 3899 1.
2335 3848 2461 3899 Sall.

1399 3928 1544 3978 Hist.
1582 3941 1623 3977 1.
1663 3931 1720 3977 et
1751 3925 1984 3992 plerique
2009 3923 2126 3973 alii:
2163 3922 2268 3974 vid.
2290 3924 2461 3975 Wass.

1399 4002 1464 4053 ad
1488 4002 1613 4052 Ssll.
1633 4002 1756 4066 Jug.
1779 4014 1876 4052 xx.
1922 4006 1980 4050 et
2012 3998 2164 4050 Grot.
2188 4000 2241 4049 in
2266 4000 2464 4055 Adnot.

1398 4077 1468 4129 ad
1496 4092 1563 4129 ιι.
1602 4081 1654 4129 8.
1693 4082 1772 4129 1³.
1810 4078 1879 4128 de
1913 4075 1970 4128 J.
1989 4072 2056 4126 B.
2079 4083 2136 4127 et
2172 4077 2237 4128 P.
2295 4077 2359 4131 In
2382 4093 2463 4135 seq
2542 4076 2547 4083 '

1398 4154 1684 4223 (luentibus
1737 4168 1945 4222 quoque
1988 4167 2092 4204 non
2146 4153 2463 4205 necessarias

1397 4240 1529 4299 puto
1548 4232 1906 4286 distinctiones
1940 4230 2309 4284 Freinshemii:
2344 4245 2462 4283 nem
