2950 4892
408 366 545 434 614

412 524 564 577 mins.
595 526 612 554 ‘
635 525 817 576 riorus
838 526 1176 591 Calpurnium
1194 527 1480 578 Flammam

412 602 499 654 hic
524 616 624 654 non
658 608 860 654 tantum
889 602 1135 654 Leonida
1176 611 1477 668 comparat;

414 677 507 728 sed
533 685 589 729 et
610 679 867 744 Othryadi
889 696 903 730 ε
943 679 1037 741 illi,
1059 679 1199 745 quod
1220 685 1479 743 occupato

412 753 556 806 colle
571 754 771 805 hostem
795 755 1127 818 sustinuerit3
1164 770 1283 806 nam
1304 756 1400 807 hoc
1420 763 1481 830 et

411 830 672 881 Leonidas
702 829 936 883 fecerat:
972 833 1112 899 huic,
1148 832 1284 898 quod
1320 847 1480 898 expe·

412 904 601 958 ditioni
632 909 944 972 supervixit,
977 923 1078 961 non
1110 909 1277 960 minus
1306 925 1368 961 ac
1407 910 1479 961 0-

414 983 684 1047 tbryades.
750 983 828 1034 Ut
860 991 1035 1035 autem
1063 1000 1166 1035 non
1197 986 1479 1038 similitudo

410 1066 613 1112 tautum
656 1076 772 1112 cum
826 1062 1056 1113 Leonida
1099 1071 1158 1115 et
1200 1064 1476 1138 Othryade

412 1145 644 1201 pateret,
657 1139 822 1201 addit,
839 1139 1176 1203 Calpurnium
1196 1140 1476 1194 Flammam

411 1213 649 1265 Leonida
696 1216 860 1266 multo
912 1217 1244 1270 illustriorem
1302 1217 1480 1282 fuisse,

412 1288 550 1353 quod
573 1291 940 1354 supervixerit,
970 1293 1174 1345 scilicet
1195 1301 1255 1346 ut
1287 1294 1480 1360 Othry-

414 1364 571 1418 ades:
638 1366 705 1420 ab
747 1366 1020 1432 Othryade
1060 1376 1236 1421 autem
1274 1385 1338 1422 eo
1374 1372 1477 1423 dis-

412 1447 550 1502 tare,
569 1442 707 1506 quod
731 1444 855 1493 nihil
879 1446 1153 1509 scripserit
1188 1448 1475 1513 sangnine?

412 1519 535 1568 Non
558 1529 637 1568 est
661 1535 836 1584 operas
869 1523 1094 1585 pretium
1131 1524 1209 1573 his
1239 1523 1475 1575 refellen-

410 1593 492 1644 dis
535 1595 622 1644 diu
660 1597 940 1658 immorari,
977 1613 1095 1664 qum
1127 1600 1259 1651 adeo
1296 1601 1476 1666 inepta

410 1677 551 1733 sunt,
564 1679 624 1723 ut
640 1673 723 1722 vel
747 1673 996 1725 recitasse
1020 1689 1103 1738 ea,
1122 1677 1191 1727 sit
1208 1677 1475 1728 refutasse.

410 1746 709 1813 Numquam
743 1750 850 1800 suis
883 1753 1100 1816 argutiis
1134 1752 1372 1805 effecerit
1393 1756 1479 1818 liic

372 1864 378 1868 ,
410 1822 582 1885 homo,
620 1830 681 1874 ut
723 1826 1016 1891 quisquam,
1059 1830 1144 1880 cui
1181 1845 1359 1881 sanum
1394 1841 1479 1883 est

409 1900 676 1963 synciput,
697 1902 883 1954 credat
914 1904 1073 1955 verba
1106 1907 1265 1972 Flori,
1300 1908 1316 1936 ‘
1338 1909 1477 1974 quod

411 1974 696 2040 supert'uit‚
713 1991 775 2027 ac
798 1982 1123 2047 supervixit}
1154 1983 1221 2033 de
1255 1984 1480 2049 Othrya·

416 2050 484 2101 de
506 2052 813 2118 accipienda
856 2070 991 2120 esse,
1010 2059 1075 2108 de
1099 2074 1201 2124 quo
1235 2060 1287 2111 in
1324 2076 1477 2126 supc-

409 2127 633 2178 rioribus
655 2130 797 2180 nulla
817 2140 933 2181 erat
964 2132 1107 2186 facta
1138 2137 1352 2202 mentio.
1418 2139 1473 2188 Si

412 2204 524 2269 quis
569 2219 705 2256 nunc
749 2207 833 2257 vel
879 2210 1065 2260 Latino
1098 2213 1182 2262 vel
1221 2214 1323 2265 alio
1355 2230 1477 2281 quo·

410 2294 631 2346 cumque
665 2297 900 2335 sermone
928 2287 1156 2338 scribens
1188 2289 1265 2339 ita
1299 2292 1479 2356 loqua-

410 2362 518 2422 tur,
541 2364 600 2409 ut
634 2360 846 2411 Florum
876 2362 1147 2428 loquutnm
1170 2367 1284 2417 vult
1307 2367 1477 2432 Bege-

410 2446 638 2500 rus‚non
674 2436 889 2502 dubium
927 2446 1027 2504 est,
1063 2442 1189 2508 quin
1221 2458 1341 2494 eum
1380 2459 1475 2509 pro

408 2509 592 2573 stipite
631 2518 685 2561 et
725 2515 1021 2566 mortalium
1059 2520 1287 2569 omnium
1319 2521 1476 2572 insul-

409 2584 629 2649 sissime,
652 2588 741 2654 qui
762 2604 861 2640 nec
893 2593 1014 2657 qnid
1039 2594 1203 2660 dicat,
1227 2610 1325 2649 nec
1347 2600 1474 2664 quid

407 2659 686 2713 dicendum
705 2665 792 2730 sit,
814 2667 929 2731 ipse
951 2670 1098 2734 sciat,
1119 2671 1347 2724 habituri
1367 2677 1475 2727 sint

407 2750 511 2787 non
545 2740 691 2792 docti
729 2743 902 2805 modo,
941 2746 1037 2800 scd
1074 2749 1233 2799 etiam
1275 2766 1474 2816 omues,

408 2814 496 2879 qui
520 2818 602 2866 vel
627 2822 884 2871 communi
914 2837 1067 2875 sensu
1101 2828 1311 2890 praediti
1335 2836 1474 2881 sunt.

408 2889 665 2955 Equidem
702 2896 928 2947 nondum
959 2900 1186 2951 sciebam
1212 2904 1473 2968 Begerum

410 2974 516 3016 tam
539 2968 802 3033 Lynceum
823 2971 1002 3038 fuisse,
1022 2984 1081 3027 nt
1102 2980 1241 3029 solus
1263 2995 1344 3045 ea,
1357 2998 1473 3047 qnae

410 3044 635 3093 omnium
660 3046 873 3099 aliorum
898 3052 1076 3103 oculos
1094 3053 1398 3122 effugerant,
1419 3067 1476 3110 et

407 3131 660 3182 nusquam
684 3130 853 3188 erant,
889 3131 1149 3192 tamquam
1180 3131 1231 3180 in
1254 3133 1473 3185 clarissi-

407 3209 492 3245 ma
515 3197 633 3247 luce
657 3201 824 3262 posita
847 3203 1025 3255 videre
1057 3211 1306 3271 potuerit.
1368 3213 1473 3264 Sed

406 3272 447 3321 si
482 3272 535 3322 in
560 3274 794 3327 Numinis
818 3287 874 3329 et
894 3282 1242 3339 Marmoribns
1272 3291 1378 3341 suis
1400 3294 1474 3344 ita

409 3347 580 3396 omnia
603 3349 753 3413 vidit,
785 3362 844 3404 ut
882 3355 934 3404 in
969 3358 1123 3410 Floro
1147 3362 1473 3432 Othryadeu,

408 3435 614 3485 vereor,
653 3440 718 3475 ne
757 3431 917 3480 multa
949 3433 999 3482 in
1033 3436 1094 3485 iis
1128 3439 1333 3504 viderit,
1354 3459 1469 3510 quae

409 3511 581 3561 neque
606 3499 697 3564 ibi,
731 3517 901 3570 neque
941 3524 1154 3576 usquam
1188 3517 1311 3569 alibi
1334 3530 1470 3573 snut.

408 3574 526 3644 Nec
572 3583 717 3627 recte
761 3581 984 3635 instituit
1027 3597 1469 3656 comparationem

406 3649 545 3700 inter
559 3653 891 3718 Calpurnium
909 3669 966 3711 et
983 3662 1299 3730 Othryaden.
1336 3674 1469 3739 Nam

407 3727 718 3792 Calpurnius
760 3736 1054 3790 vulneribus
1099 3748 1297 3798 curatis
1351 3759 1469 3814 post

407 3801 497 3850 illa
547 3820 686 3870 saepe
741 3808 988 3875 Reipubl.
1035 3817 1216 3869 utilem
1259 3838 1465 3888 operam

408 3886 683 3952 praestitit:¹
733 3889 1034 3956 Othryades
1079 3907 1255 3950 autem
1291 3919 1466 3969 super-

405 3957 542 4024 vixit
585 3960 671 4009 ille
715 3966 918 4028 quidem
964 3986 1168 4038 pugnae,
1218 3980 1310 4029 sed
1347 3996 1465 4034 mox

406 4043 525 4099 post
567 4047 817 4106 erectum,
865 4053 922 4097 et
958 4054 1210 4116 sanguine
1254 4073 1347 4109 sno
1387 4062 1463 4111 iu-

407 4113 658 4175 scriptum
698 4123 970 4187 tropaeum,
993 4129 1073 4177 vel
1095 4145 1123 4179 e
1150 4133 1463 4202 vulneribus,

408 4187 494 4236 vel
529 4203 620 4239 sua
658 4206 810 4245 manu
848 4198 1007 4251 obiit:
1059 4206 1164 4257 vid.
1200 4210 1400 4263 Herod.
1423 4229 1460 4266 1.

407 4265 486 4315 82.
520 4265 665 4317 Stob.
684 4270 847 4323 Serm-
874 4288 970 4329 vn.
987 4285 1043 4329 et
1065 4281 1208 4334 Suid.
1230 4287 1283 4337 in
1305 4290 1461 4355 Ὀθρυ-

1106 383 1321 433 NOTAE
1370 382 1776 434 VARIORUM
1831 382 1909 432 [N

1532 516 1684 587 ’ἀδηι
1751 524 1907 578 Quod
1939 529 2113 575 antem
2149 521 2338 575 scribit
2369 519 2631 588 negem,

1555 605 1572 633 ‘
1593 619 1650 654 se
1686 603 2044 666 emoriturum,
2090 603 2132 652 si
2166 600 2415 652 Gravius
2451 602 2629 651 locum

1555 680 1698 732 Flori
1734 679 2093 743 intellexerit,'
2113 679 2182 729 de
2204 694 2268 731 eo
2289 678 2419 728 nihil
2440 678 2634 740 babeo,

1555 756 1691 824 quod
1713 756 1913 819 dicsm3
1947 756 2045 807 nisi
2066 770 2165 808 nec
2189 771 2300 807 rem
2321 755 2632 816 titan-arim,

1553 848 1654 885 nec
1707 832 1899 884 famam
1955 834 2147 899 Begeri
2190 833 2414 885 miiitum
2471 832 2637 883 detri-

1553 911 1718 962 menti
1742 918 2011 975 captnram
2045 909 2225 974 fuisse,
2244 911 2289 960 si
2313 919 2442 960 ante
2464 923 2635 958 emor-

1556 995 1672 1038 tuus
1695 986 1898 1050 fuisset,
1933 1001 2085 1054 qnam
2123 988 2174 1039 ei
2207 988 2261 1037 in
2283 993 2521 1038 mentem
2543 1000 2633 1035 ve-

1553 1070 1725 1129 nerat,
1744 1064 1859 1115 haee
1881 1070 1938 1115 et
1959 1065 2062 1114 siis
2085 1063 2384 1128 hujusmodi
2408 1061 2477 1113 ad
2513 1062 2634 1112 Flo·

1554 1157 1667 1192 rum
1687 1141 1938 1192 scribere.
2004 1141 2211 1192 Florum
2232 1155 2339 1190 non
2363 1153 2522 1204 posse
2543 1137 2634 1188 ab·

1552 1222 1682 1272 solvi
1702 1222 1912 1283 erroris,
1935 1220 1977 1270 si
1998 1220 2113 1270 lime
2133 1219 2211 1270 ita
2232 1218 2474 1283 scripsit,
2499 1217 2635 1267 vidit

1554 1299 1711 1350 etiam
1735 1299 1830 1348 Vir
1853 1313 2110 1363 nunqnam
2130 1298 2242 1348 sine
2264 1295 2425 1347 laude
2441 1309 2637 1346 memo-

1553 1376 1765 1437 raudus,
1787 1381 1845 1425 et
1869 1377 2074 1439 Begero
2095 1374 2258 1424 multo
2278 1371 2559 1434 oculatior,
2577 1371 2634 1424 J.

1555 1454 1641 1504 Fr.
1678 1453 1994 1517 Gronovius,
2035 1454 2123 1518 qni
2168 1454 2222 1502 in
2266 1449 2522 1502 Distribe
2565 1449 2634 1499 ad

1551 1529 1776 1580 Statium
1799 1542 2001 1581 caut.
2037 1530 2174 1580 banc
2207 1527 2635 1579 emendationem

1554 1607 1841 1672 proposuit,
1882 1607 1972 1656 hoc
2005 1606 2243 1655 iliani-im·
2282 1610 2469 1667 nater,
2511 1607 2636 1669 quod

1552 1682 1843 1746 expeditioni
1884 1687 2037 1732 tuate
2069 1680 2328 1746 super-sirit,
2359 1680 2480 1734 licet
2519 1696 2637 1730 non-

1552 1758 1676 1808 nihil
1708 1760 1956 1822 scripserit
1991 1758 2235 1822 sunguine.
2307 1757 2522 1822 Nempe
2554 1772 2637 1807 os·

1554 1835 1728 1886 tendit
1760 1835 1968 1887 scribere
2008 1849 2148 1899 saepe
2194 1834 2320 1899 poni
2359 1849 2484 1898 pro,
2527 1835 2638 1899 pin-

1553 1926 1695 1976 gere,
1731 1918 1792 1962 ut
1825 1911 1968 1976 apud
1999 1912 2139 1962 Stat.
2179 1924 2265 1961 ιιι.
2301 1911 2434 1961 Siiv.
2470 1921 2512 1961 r.
2545 1916 2633 1962 9⁵.

1552 1988 1804 2053 ‘Scripto
1839 1987 2076 2039 viventes
2112 1988 2310 2038 lumine
2346 1988 2539 2051 ceras,’
2573 1995 2636 2038 et

1552 2064 1717 2116 Theb.
1758 2077 1838 2116 11.
1862 2069 1977 2116 51⁴.
2025 2071 2041 2095 ⁴
2061 2063 2312 2130 Arvaque
2341 2067 2633 2131 sanguineo

1552 2140 1737 2193 scribit
1789 2142 2063 2193 rutilantia
2113 2158 2245 2208 gyro
2264 2143 2298 2192 τ’
2372 2144 2632 2211 aliosque,

1550 2234 1766 2285 qnorum
1803 2220 1924 2271 loca
1959 2220 2029 2271 ibi
2071 2220 2372 2272 laudantur.
2440 2222 2634 2289 Itaque

1552 2296 1837 2361 existimat,
1880 2298 1924 2348 si
1967 2298 2192 2363 legatur,
2243 2298 2361 2349 iicet
2415 2301 2638 2349 nonnihil

1549 2375 1795 2438 scripserit
1812 2377 2062 2440 sanguine,
2083 2376 2164 2425 his
2187 2376 2365 2427 verbis
2389 2377 2535 2428 idem
2557 2378 2633 2427 in-

1551 2449 1737 2515 dicari,
1756 2449 1896 2515 quod
1934 2451 2070 2501 Cato
2105 2451 2238 2503 dicit
2259 2467 2348 2517 ap.
2369 2451 2518 2503 Geli.
2545 2454 2634 2504 ιιι’.

1549 2531 1600 2576 7.
1631 2528 1648 2556 ‘
1669 2527 2003 2592 Calpurnium
2026 2528 2330 2579 vulneribus
2370 2528 2634 2594 defatiga-

1551 2610 1661 2655 tum
1685 2609 1842 2669 atque
1875 2605 2187 2670 spirantem,
2227 2606 2374 2672 quod
2395 2621 2632 2671 sanguen

1550 2678 1864 2744 defluxerat,
1912 2681 2218 2746 cognitum.’
2303 2684 2324 2713 ⁸
2352 2683 2636 2734 Scribere’

1550 2755 1654 2806 diei
1679 2772 1792 2822 pro,
1813 2757 2054 2822 pingere,
2077 2758 2239 2809 etiam
2264 2759 2523 2812 Bai-thius
2545 2761 2636 2811 ob-

1547 2837 1780 2886 servavit
1800 2835 1865 2886 ad
1881 2836 2127 2888 Statium.
2179 2837 2287 2887 Sed
2314 2844 2496 2889 tamen
2513 2839 2638 2888 mibi

1551 2926 1653 2962 non
1677 2915 1802 2963 satis
1822 2913 2008 2979 liquet,
2036 2928 2103 2964 an
2128 2928 2197 2964 ex
2221 2929 2305 2979 eo,
2340 2917 2488 2981 quod
2519 2917 2637 2966 Sta·

1550 2988 1674 3049 tius,
1711 2988 1934 3050 Plinius,
1972 2989 2170 3054 aliique
2210 2987 2421 3054 dicunt,
2473 2993 2638 3042 ‘arva

1546 3065 1797 3128 sangnine
1817 3064 2083 3128 scribere:
2105 3074 2164 3116 et
2200 3064 2495 3132 ‘imagines
2514 3067 2639 3120 scri-

1548 3140 1709 3204 bere,'
1754 3148 1902 3192 recte
1922 3140 2112 3192 confici
2135 3143 2326 3207 possit,
2362 3157 2509 3209 enm,
2546 3144 2637 3210 qni

1548 3217 1723 3267 multis
1758 3219 2060 3269 vulneribus
2101 3220 2339 3285 acceptis
2376 3225 2636 3287 sanguine

1549 3293 1792 3357 perfusus
1829 3301 1933 3357 est,
1970 3294 2152 3345 itidem
2177 3311 2339 3360 posse
2361 3298 2475 3349 dici
2510 3300 2646 3349 ‘ali-

1546 3368 1672 3433 quid
1696 3370 1947 3433 sanguiue
1965 3372 2242 3423 scribere!
2296 3374 2642 3428 Judicabuut

1549 3446 1830 3497 acutiores.
1901 3449 2011 3512 Ego
2036 3463 2204 3514 prope
2226 3463 2292 3500 co
2320 3451 2548 3516 inclino,
2579 3462 2640 3516 ut

1547 3537 1666 3573 cum
1690 3523 2042 3574 Freinshemio
2080 3532 2284 3591 putem,
2319 3527 2442 3578 baec
2477 3529 2641 3580 verba

1548 3613 1579 3648 a
1593 3614 1921 3665 quocumque
1937 3601 2061 3664 alio,
2080 3616 2236 3665 qnam
2256 3617 2288 3652 a
2306 3604 2476 3655 Floro
2493 3620 2639 3657 esse:

1545 3690 1665 3726 nam
1703 3677 2015 3728 incredibile
2063 3679 2193 3729 mihi
2251 3680 2478 3734 videtur
2518 3699 2638 3734 enm

1545 3753 1776 3816 potuisse
1811 3754 2054 3817 ignorare
2085 3756 2503 3808 celeberrimam
2539 3761 2642 3812 bis-

1544 3827 1727 3877 toriam
1774 3829 2046 3893 Leonidae,
2095 3846 2235 3895 qnae,
2292 3847 2401 3884 non
2469 3837 2638 3888 minus

1543 3918 1697 3968 quam
1733 3903 2046 3969 Othryadae,
2083 3907 2227 3958 inter
2249 3912 2538 3977 praecipua
2559 3929 2638 3964 ar·

1543 3989 1790 4043 gumenta
1811 3982 2244 4035 Declamatorum
2267 3996 2411 4052 erat,
2450 3998 2516 4042 ut
2539 3992 2637 4042 Lu·

1541 4057 1720 4107 cianus
1743 4067 1929 4110 auctor
1943 4062 2092 4111 estin
2112 4064 2336 4115 Rhetor-
2355 4066 2634 4134 Proecept.

1542 4149 1604 4184 ae
1645 4136 1922 4187 nescivisse
1975 4138 2262 4191 Leonidam
2307 4157 2491 4209 neque
2535 4155 2639 4198 tro·

1540 4223 1708 4273 paeum
1753 4214 2007 4276 posuisse,
2052 4229 2227 4281 neque
2268 4218 2326 4284 id
2375 4224 2632 4288 sangnine

1539 4303 1633 4339 suo
1671 4290 2014 4355 inscripsisse.
2080 4294 2240 4363 Quod
2281 4304 2469 4351 autem
2515 4301 2633 4353 Cal-
