2950 4892
647 376 712 425 L.
760 375 1014 429 summ
1065 378 1288 428 notu
1340 379 1485 429 ms.
1535 380 1611 428 ιι.
1658 381 1821 431 cn.
1865 366 1970 434 18.

235 516 566 574 Numana-m
579 517 813 583 pigmen
831 519 976 573 AM.
997 526 1111 575 018.
1135 523 1273 575 Add.

237 593 341 648 cie,
385 606 467 643 m.
508 592 572 643 de
612 591 720 644 Off.
764 599 846 645 80.
929 597 1010 648 De
1041 600 1274 650 Mancini

235 669 377 735 Pige.
396 670 461 721 ad
491 669 561 721 A.
583 671 650 721 U.
669 675 783 723 010.
836 671 937 738 Ap.
963 673 1189 740 Appian.
1223 676 1276 726 iu

234 745 440 874 fflssff‘
475 761 531 810 p.
551 749 666 797 800.
690 748 822 799 mele
853 750 870 778 ‘
895 747 1087 801 Atilius
1126 751 1275 803 Man-

291 905 333 968 §-
350 909 379 953 8
400 903 479 953 Ne
497 903 652 954 oculu
668 904 877 969 quidm]
908 905 1031 957 Scio
1050 908 1278 973 quidem,

236 980 411 1030 aVifis
428 979 638 1031 doctiss.
654 982 847 1046 exponi
862 983 976 1033 haec
1000 982 1066 1032 de
1096 984 1279 1035 ardore
1297 977 1302 982 ’

238 1057 399 1109 vultus
416 1062 471 1108 et
487 1058 772 1115 oculorum,
795 1058 864 1107 de
881 1073 983 1123 quo
1003 1073 1117 1124 sup.
1133 1064 1183 1118 1,
1200 1064 1282 1124 10,

237 1137 312 1185 18.
357 1134 595 1200 quedam
648 1134 971 1186 notavimus:
1027 1136 1117 1187 sed
1157 1137 1208 1188 h.
1243 1137 1280 1189 1.

237 1208 463 1260 videntur
505 1209 794 1274 simplicius
835 1211 1192 1277 intelligenda,
1222 1218 1282 1264 nt

239 1285 372 1337 dieat
405 1285 628 1350 Auctor,
662 1301 765 1338 non
809 1302 961 1340 ausos
1007 1291 1283 1356 appropin-

238 1378 385 1429 quare
420 1364 769 1415 Numantinis.
833 1365 917 1417 Sis
953 1366 1100 1418 haben
1139 1367 1283 1419 ἰΙειιειι

237 1440 583 1505 aieugetruet
597 1441 836 1492 merdic
849 1456 1075 1507 augense
1094 1449 1281 1496 trecten-

240 1517 454 1570 Freinsh.
497 1518 725 1570 Tantum
747 1525 997 1571 terrorem
1013 1519 1286 1573 offundunt

239 1596 404 1647 animis
434 1596 633 1648 clades.
696 1597 892 1649 Similia
912 1599 979 1649 de
997 1600 1286 1665 Masaesylis

241 1672 343 1723 Ην.
363 1680 535 1724 narrat
549 1673 645 1726 lib.
661 1678 742 1726 80.
772 1676 789 1706 ‘
810 1676 940 1727 Tum
957 1691 1081 1729 vero
1095 1679 1285 1730 Masae-

240 1750 346 1814 syli,
361 1764 461 1800 non
482 1749 643 1801 modo
660 1750 882 1817 primum
905 1752 1174 1818 impetum,
1192 1754 1286 1806 sed

203 1841 210 1850 ·
239 1839 300 1876 ne
324 1833 661 1892 conspectum
691 1827 902 1893 quidem
928 1829 1189 1902 signorum
1208 1836 1287 1882 at-

243 1915 334 1967 que
355 1915 612 1954 armorum
632 1903 882 1956 tulerunt.
944 1905 1164 1955 Tantum
1197 1921 1288 1957 seu

240 1980 472 2031 maneria
501 1980 737 2047 priorum
770 1981 1016 2045 cladium,
1038 1996 1129 2034 seu
1158 1998 1287 2047 prae·

244 2068 350 2106 sens
388 2062 556 2107 terror
608 2057 804 2109 valuit?
869 2059 1035 2111 Groev.
1121 2062 1289 2112 Recte

242 2132 461 2184 Freinsh.
491 2140 548 2185 et
584 2133 846 2185 Graevius.
909 2136 1007 2186 Est
1040 2137 1182 2188 euim
1203 2137 1290 2188 bic

244 2215 489 2261 extremus
527 2210 723 2275 gradus
764 2210 979 2263 timoris.
1044 2213 1106 2264 C.
1151 2214 1290 2278 Nep.

243 2286 411 2352 Epam-
429 2301 556 2340 vm.
621 2289 638 2317 ⁸
660 2289 813 2342 Quod
837 2305 927 2341 eos
948 2291 1124 2357 coiigit
1147 2293 1286 2357 apud

243 2366 450 2418 Leuctra
521 2381 776 2432 superare
848 2369 1289 2435 Lacedaemonios,

245 2455 362 2507 quos
413 2450 534 2495 ante
598 2457 655 2494 se
710 2444 1085 2510 Imperatorem
1137 2462 1289 2500 nemo

245 2518 545 2572 Boeotioeum
590 2535 742 2572 ausus
781 2521 886 2574 fuit
923 2524 1191 2591 adspicere
1233 2525 1289 2575 in

249 2596 387 2647 acie:
435 2597 559 2649 Vid.
583 2597 659 2648 ibi
690 2598 956 2651 Gebhard.
979 2600 1198 2652 Herald.
1223 2615 1289 2652 11.

247 2671 456 2724 Advers.
481 2678 535 2725 4.
566 2675 789 2739 Rupert.
813 2675 880 2725 ad
901 2677 954 2727 h.
978 2677 1010 2727 1.
1042 2684 1099 2728 et
1119 2679 1291 2730 Bentl.

251 2750 310 2800 ad
330 2750 513 2803 Horat.
536 2765 577 2802 1.
611 2753 783 2803 carm.
807 2757 857 2803 8.
879 2757 958 2805 18.

306 2830 351 2894 §-
368 2834 400 2880 6
429 2829 681 2880 Amr-n
701 2829 957 2895 manubiis]
1007 2830 1126 2883 Non
1143 2832 1294 2884 intei-

249 2902 346 2970 ligo
376 2920 488 2971 quae
518 2905 626 2955 sint
655 2918 892 2956 armorum
914 2907 1165 2972 mot-bie,
1194 2922 1295 2959 nec

251 2982 502 3047 quisquam
538 2982 898 3047 Interpretum
940 2983 993 3033 id
1030 2985 1293 3049 exposuit.

250 3054 507 3130 Sententia
560 3057 834 3110 verborum
889 3059 977 3110 vix
1029 3059 1131 3110 alia
1177 3074 1296 3110 esse

252 3139 433 3198 potest,
451 3150 606 3201 quam
635 3135 893 3186 Romanos
915 3150 946 3185 a
970 3134 1299 3187 Numantinis

254 3218 452 3262 coaetos
473 3210 633 3263 fuisse
651 3225 796 3262 arma
811 3211 1046 3263 traderet
1082 3227 1200 3263 nam
1221 3213 1297 3264 sic

252 3301 469 3339 mnan
485 3289 722 3339 mubioe
742 3289 1057 3354 dicerentur,
1077 3298 1137 3341 ut
1153 3289 1300 3340 Livio

253 3364 304 3415 iu
323 3378 477 3417 mr.
498 3371 580 3418 87.
612 3369 629 3397 ‘
651 3367 825 3433 Spolia
844 3366 1138 3418 armorum.’
1194 3366 1300 3418 Sed

255 3442 345 3496 hoc
364 3459 514 3496 nemo
541 3442 788 3511 prodidit.
843 3443 1068 3509 Appian.
1102 3457 1154 3509 p.
1184 3446 1301 3494 800.

256 3521 427 3573 scribit
446 3522 748 3573 Mancinum
779 3533 813 3571 a
833 3520 1164 3571 Numantinis
1185 3521 1302 3571 loeo

255 3595 421 3665 iniquo
442 3600 847 3651 circumventum
878 3611 1057 3663 pacem
1091 3611 1210 3647 cnm
1237 3596 1302 3646 iis

255 3677 407 3740 equis
425 3675 805 3726 conditionibus
830 3673 1033 3726 fecisse.
1095 3675 1301 3728 Plutar-

258 3750 375 3802 chus
386 3752 441 3802 in
453 3752 534 3803 Ti.
551 3751 786 3803 Graccho
798 3750 962 3815 addit,
976 3750 1303 3802 Numantinis

259 3829 438 3891 omnia,
458 3844 574 3895 quae
597 3828 650 3878 iu
684 3828 869 3879 castris
901 3833 1071 3892 erant,
1092 3828 1147 3878 in
1170 3842 1303 3893 prae-

260 3904 372 3957 dam
410 3920 656 3958 concessa
695 3904 875 3957 fuisse.
943 3905 1145 3956 Dubito
1180 3919 1305 3970 ergo

264 3995 326 4033 au
346 3983 530 4034 Florus
553 3979 818 4048 scrip’serit
840 3988 1128 4034 mmm
1145 3997 1306 4033 mu·

263 4057 381 4119 biis,-
424 4058 492 4109 ad
528 4058 813 4122 augendam
839 4057 1169 4124 ignominiam
1205 4058 1306 4108 Ro·

261 4145 542 4199 maneram,
558 4134 648 4201 qui
674 4149 829 4201 quum
864 4149 1009 4188 arma
1039 4135 1310 4199 haberent,

264 4216 430 4264 tamen
442 4212 580 4265 hosti
589 4212 859 4265 omuiasua
870 4212 1166 4281 diripienda
1180 4212 1309 4264 dare

2277 371 2411 438 ‘776

1348 525 1518 577 coacti
1551 523 1765 590 fuerint,
1803 540 1921 592 quo
1956 524 2096 578 ferro
2127 523 2409 580 defendere

1348 601 1655 652 debuerant.

1411 679 1495 728 Aa
1512 677 1897 742 intemcioaem]
1948 677 2114 742 Epist.
2132 679 2247 731 Liv.
2262 685 2346 746 3⁵,
2361 685 2410 731 6.

1347 752 1365 783 ‘
1386 754 1558 807 Quum
1589 767 1711 817 spes
1727 753 1867 803 nulla
1889 754 2127 804 servandi
2150 758 2411 808 exercitus

1350 829 1521 881 esset?
1561 830 1780 881 Freinsk.
1836 830 2413 885 Cmudintemeciouem

1346 909 1516 960 noire
1531 908 1819 973 panicum]
1861 909 2031 972 Ryck.
2050 926 2155 961 cum
2174 913 2239 960 ud
2266 911 2414 962 inter-

1349 988 1583 1037 necionem
1595 987 1746 1036 delere
1763 987 2027 1050 potuissent
2042 1003 2059 1037 .·
2088 988 2187 1037 hoc
2204 994 2306 1052 est,
2327 1002 2413 1038 oc-

1351 1063 1548 1126 cidere,
1568 1069 1630 1113 nt
1653 1063 1741 1113 aiii
1764 1063 2056 1129 loquuntur.
2104 1064 2268 1115 Grac.
2325 1064 2413 1115 Sic

1352 1154 1556 1206 quoque
1585 1140 1735 1190 Voss.
1751 1144 1800 1190 8.
1852 1139 2219 1192 Inter-uicinam
2240 1153 2415 1192 rursus

1353 1217 1522 1282 Ryck.
1538 1216 1674 1267 Tell.
1691 1215 1874 1267 Duisb.
1889 1222 1945 1267 et
1962 1231 2010 1268 ο.
2021 1230 2071 1268 e.
2096 1217 2414 1281 interemic-

1352 1307 1460 1345 m
1476 1293 1590 1344 Pal.
1606 1306 1686 1357 pr.
1708 1290 1832 1341 vid.
1855 1292 1987 1357 Cap.
2009 1294 2235 1356 pmced.
2257 1309 2311 1346 ιι.
2335 1298 2415 1346 lo.

1418 1371 1465 1434 §.
1484 1373 1515 1419 7
1531 1369 1787 1420 Deduione
1803 1367 2045 1433 Mancini]
2060 1367 2213 1420 Adde
2227 1371 2415 1421 Vellei.

1354 1449 1507 1510 2,00,
1525 1450 1576 1495 6.
1599 1451 1655 1494 et
1675 1459 1791 1511 qum
1809 1451 2047 1495 nummus
2078 1460 2221 1511 supr.
2252 1450 2301 1511 1,
2337 1451 2416 1510 10,

1360 1525 1438 1572 18.
1488 1520 1708 1572 Freinsh-
1774 1521 1861 1571 De
1886 1519 2152 1572 deditione
2179 1522 2423 1572 Mancini·

1358 1598 1587 1664 Appian.
1612 1605 1667 1649 et
1688 1598 1956 1650 Plutarch.
1977 1599 2014 1649 1.
2037 1600 2089 1654 d.
2108 1600 2218 1651 Cle.
2240 1613 2326 1650 ιιι.
2349 1600 2418 1651 de

1361 1673 1467 1728 off.
1485 1679 1567 1726 80.
1599 1675 1738 1726 Flor.
1757 1688 1842 1726 ιιι.
1863 1678 1939 1725 14.

1423 1754 1471 1816 §.
1495 1756 1528 1803 8
1561 1751 1871 1814 Carthaginis
1889 1750 2120 1802 inem&
2145 1753 2210 1800 ud
2229 1751 2419 1802 excidia

1357 1817 1769 1891 arbimimbn'ato]
1823 1827 2102 1890 Nimirum,
2141 1826 2290 1877 ‘Iter
2321 1832 2422 1889 est,

1361 1920 1667 1974 quacunque
1705 1906 1798 1956 dat
1836 1905 1979 1968 prior
2002 1904 2276 1967 vestigium
2291 1902 2327 1953 :’
2362 1908 2423 1954 ut

1360 1983 1591 2049 loquitur
1630 1982 1694 2033 P.
1729 1982 1921 2046 Syrus:
1958 1986 2014 2031 et
2050 1995 2170 2031 vere
2204 1980 2417 2031 Patere.

1362 2064 1414 2123 8,
1432 2063 1485 2122 8,
1503 2063 1552 2108 6.
1582 2058 1599 2085 ‘
1626 2059 1747 2110 Non
1767 2056 1842 2107 ibi
1864 2055 2150 2118 consistunt
2165 2056 2419 2120 exempla,

1363 2134 1501 2186 unde
1542 2141 1841 2199 coeperuntz
1898 2133 1990 2183 sed
2040 2132 2325 2198 quamlibet
2366 2131 2421 2182 in

1364 2217 1572 2262 tenuem
1604 2215 1818 2274 recepta
1855 2209 2139 2272 tramitem,
2174 2209 2423 2259 letissime

1365 2287 1622 2353 evagandi
1653 2287 1752 2337 sibi
1779 2286 1915 2337 viam
1949 2285 2147 2337 faciunt
2164 2284 2198 2335 ε’
2232 2286 2299 2335 de
2321 2297 2424 2350 qua

1366 2379 1424 2417 re
1452 2363 1793 2415 luculentiora
1829 2362 2152 2426 promsimus,
2191 2361 2258 2411 ad
2290 2361 2421 2413 Tac.

1368 2446 1450 2505 ιι,
1471 2444 1558 2504 16,
1583 2446 1630 2490 s.
1681 2439 1828 2490 ont.

1429 2519 1477 2582 §.
1499 2519 1534 2565 ⁹
1566 2514 1737 2566 Acrius
1757 2514 1811 2564 ιἰι
1827 2512 2021 2577 eastris]
2076 2513 2232 2565 Hunc
2253 2513 2423 2564 locum

1365 2596 1620 2659 Begerus,
1648 2593 1694 2643 si
1728 2593 1779 2644 ei
1818 2593 2095 2656 credimus,
2131 2592 2363 2643 restituit
2394 2606 2425 2642 e

1367 2671 1499 2723 Cod.
1524 2671 1700 2722 Berol.
1750 2667 1826 2719 At
1848 2683 1944 2733 ego
1964 2682 2132 2733 neque
2151 2667 2206 2717 in
2224 2668 2424 2732 scripto

1370 2748 1475 2799 ullo
1490 2747 1815 2811 libro,neque
1825 2746 1880 2796 in
1897 2744 2039 2795 edito
2053 2745 2205 2795 aliter
2218 2744 2393 2796 inveni
2409 2761 2426 2808 ς

1368 2831 1721 2891 preterquam
1756 2822 1807 2873 in
1829 2820 2131 2888 quibusdam
2154 2821 2290 2871 Edd.
2338 2821 2427 2871 m-

1369 2901 1693 2964 zeviriorum,
1715 2906 1772 2950 et
1782 2898 1865 2961 iis,
1887 2912 2013 2963 quas
2027 2897 2228 2948 curavit
2243 2896 2429 2948 Schre·

1371 2977 1555 3040 velius,
1570 2976 1814 3043 inquibus
1825 2974 2138 3039 negligentia
2154 2987 2429 3039 operarum

1372 3055 1570 3118 editum
1591 3062 1708 3105 erat
1739 3055 1756 3082 ‘
1779 3054 1951 3104 acrius
1970 3052 2024 3102 in
2053 3050 2258 3115 castris,
2276 3064 2430 3116 quam

1373 3146 1491 3185 cum
1514 3128 1868 3182 Numantino.’
2424 3145 2431 3152 ·

1438 3210 1486 3274 §.
1511 3212 1575 3259 10
1611 3205 1820 3271 Quippe]
1864 3203 2158 3269 Disciplina
2193 3203 2431 3255 militaris

1373 3286 1561 3354 quibus
1600 3283 1795 3336 artibus
1837 3284 2068 3335 revocari
2110 3282 2296 3347 possit,
2331 3281 2431 3331 boc

1372 3363 1509 3428 ipso,
1559 3362 1876 3427 aliorumque
1923 3359 2112 3410 ducum
2163 3357 2437 3423 exemplis,

1376 3439 1588 3504 docent,
1621 3439 1808 3504 Veget.
1830 3442 1880 3502 8,
1914 3442 1994 3489 11.
2055 3437 2288 3488 Frontin.
2307 3439 2360 3501 4,
2381 3438 2431 3486 1.

1375 3517 1494 3567 Val.
1519 3516 1595 3567 M.
1612 3520 1665 3580 2,
1686 3519 1736 3567 7.
1772 3515 1991 3566 Freinslt.

1441 3592 1665 3657 Infestis]
1720 3592 1840 3643 Hoc
1870 3598 2055 3643 contra
2086 3590 2263 3642 nescio
2285 3604 2433 3656 quos,

1377 3669 1468 3736 qui
1504 3668 1771 3720 malebant
1807 3668 2022 3731 Mis,
2065 3675 2212 3719 recte
2256 3673 2435 3717 tuetur

1379 3746 1535 3799 Anna
1553 3746 1726 3796 exilio
1744 3745 1890 3809 Virg.
1905 3757 1993 3795 ιιι.
2014 3743 2082 3795 G.
2094 3747 2207 3792 840.
2238 3743 2255 3770 ‘
2273 3742 2435 3792 Hand

1378 3836 1528 3876 secus
1565 3836 1627 3872 ac
1681 3819 1869 3886 patriis
1912 3832 2037 3870 acer
2080 3818 2337 3867 Βοιιιιιιιιιι
2380 3819 2436 3869 in

1381 3900 1534 3951 armis
1575 3899 1778 3964 Injusto
1812 3896 1909 3948 sub
1948 3894 2091 3947 fasce
2127 3896 2265 3945 viam
2309 3895 2433 3947 dum

1383 3978 1554 4042 carpit
1570 3976 1604 4027 ι’
1652 3989 1768 4041 qne
1814 3973 1867 4023 in
1910 3970 2079 4023 eamd.
2126 3972 2436 4024 sententiam

1381 4053 1562 4105 laudat
1601 4052 1790 4116 Veget.
1826 4063 1888 4115 ι.,
1935 4049 2001 4100 de
2043 4049 2121 4099 Re
2152 4049 2313 4101 Milit.
2352 4053 2433 4101 10.

1383 4133 1591 4197 Nempe
1613 4137 1673 4182 ut
1713 4128 1973 4194 ‘justum'
2010 4127 2204 4181 dicitur
2230 4141 2327 4192 pro
2356 4139 2441 4192 co,

1382 4209 1467 4261 cni
1481 4207 1663 4278 modus
1684 4206 1851 4271 inest;
1884 4204 1959 4258 ita
1990 4203 2008 4235 ‘
2030 4203 2310 4271 injustum'
2341 4217 2437 4270 pro
