2950 4892
695 419 757 467 ι..
800 415 1056 466 Anus-:1
1108 412 1327 464 nom
1379 411 1526 462 mu.
1573 411 1656 462 11.
1702 412 1864 462 cAr.
1908 397 2017 463 15.

249 561 485 616 lectione
505 558 800 625 priscorum
817 555 1068 609 librorum
1102 554 1315 607 receda-

247 654 365 692 mus
384 653 400 686 z
458 636 561 688 etsi
590 633 826 701 ‘operas’
856 635 912 685 in
948 633 1047 683 bac
1089 632 1318 697 notione,

248 717 340 784 qni
354 709 567 781 opera'm
584 718 801 779 prestat
814 710 1163 763 defendenda
1182 710 1317 773 urbi,

250 793 381 844 alibi
417 805 525 843 non
556 795 816 841 occurrat.
882 788 1130 839 Ceterum
1152 786 1315 838 Mani·

243 873 314 924 lis
355 887 456 938 pro
494 870 720 922 Maniae
760 869 937 933 legato
979 866 1313 918 scribendum

250 963 372 1001 esse
394 949 472 1000 ait
485 949 586 999 Vir
598 945 1010 999 consultissimus
1025 951 1083 996 et
1097 943 1311 996 doctiss.

248 1024 553 1078 Florentius
605 1022 874 1075 Pittenius
912 1021 1015 1075 JC.
1060 1023 1185 1088 quia
1234 1021 1312 1073 M.

246 1097 503 1153 Manilius
524 1100 623 1152 boe
643 1099 833 1152 beilum
858 1098 1077 1164 primum
1099 1103 1161 1149 ut
1181 1097 1313 1148 Con·

251 1180 355 1244 sui,
387 1179 512 1231 dein
534 1184 817 1245 prorogato
839 1177 1060 1246 Imperio
1093 1176 1315 1244 gesserit

247 1265 351 1322 pro
371 1257 598 1309 Consule
636 1270 734 1323 per
756 1256 1039 1320 biennium,
1079 1253 1159 1304 uti
1176 1252 1314 1303 bene

249 1333 557 1385 observavit
576 1332 819 1398 Sigonius
843 1333 910 1385 ad
942 1331 1078 1384 Livii
1097 1330 1243 1397 Epit.
1266 1342 1314 1384 ι.

248 1411 349 1464 eui
374 1410 729 1477 adstipulatur
760 1411 1036 1477 Appianus
1065 1408 1118 1459 in
1158 1408 1315 1474 Liby·

245 1489 327 1539 cis
361 1484 1313 1554 p.6⁷.018'6mum6moebtp·

245 1582 344 1629 ‘yur
359 1567 515 1633 ᾔεσαν
532 1566 611 1617 δή
640 1565 754 1619 reios
780 1563 1076 1631 πολεμίου,
1085 1563 1313 1617 aarum

242 1642 454 1707 μὶνᾶπδ
485 1647 578 1705 τῆς
607 1644 802 1712 ἠπείρου
833 1643 1068 1697 meroe
1102 1641 1311 1707 αὐχένα·

250 1725 485 1774 Consules
498 1724 700 1789 per-titis
715 1726 872 1791 operis
888 1724 1070 1774 hostem
1095 1721 1314 1786 aggressi

241 1805 383 1863 sant,
402 1800 736 1865 Haas'lisuper
752 1797 1313 1851 cea-vicensem&

245 1880 430 1933 Graev.
493 1880 804 1932 Emendatio
858 1879 1069 1931 Manilio
1121 1880 1313 1943 meto

250 1970 353 2023 pro
375 1958 606 2008 Huncine
629 1958 740 2009 Cos.
772 1958 897 2009 mibi
932 1971 1034 2009 non
1071 1957 1312 2022 probabl-

244 2033 315 2086 lis
337 2034 562 2087 videtur.
625 2035 881 2099 Primum,
912 2034 1035 2101 quia
1065 2035 1312 2085 existimo

244 2110 461 2161 Florum
493 2111 628 2163 velle
660 2111 891 2163 indicare
928 2110 1115 2177 quibus
1154 2109 1312 2162 Duci-

243 2189 347 2240 bus
364 2188 564 2241 obsidio
578 2189 904 2256 Carthaginis
914 2189 1173 2251 inchoata,
1187 2202 1310 2240 cou-

240 2265 474 2331 tinuata,
500 2272 556 2318 et
591 2267 658 2317 ad
677 2265 834 2319 finem
856 2266 1113 2332 perducta
1130 2264 1312 2330 suerit,

245 2342 360 2408 qui,
386 2350 447 2395 ut
466 2358 534 2394 ex
555 2342 797 2409 Appiano
816 2343 1146 2410 intelligitur,
1167 2343 1310 2396 Coss.

242 2418 488 2483 fuerunt,
505 2426 564 2472 et
582 2420 846 2487 Procoss„
857 2435 959 2473 non
980 2421 1158 2487 legati.
1175 2421 1309 2472 Nam

239 2496 419 2561 primo
468 2498 586 2548 loco
633 2505 885 2550 memorat
938 2499 1210 2550 Manilium
1253 2505 1312 2549 et

244 2575 592 2627 Censorinum
612 2577 759 2629 Coss.
783 2593 815 2628 a
835 2577 1021 2644 quibus
1042 2592 1108 2628 ea
1129 2584 1213 2629 est
1231 2578 1310 2628 in·

241 2650 454 2718 eboata,
475 2653 630 2705 tertio
662 2655 956 2721 Scipionem
975 2654 1160 2707 itidem
1187 2656 1307 2707 Cos.

242 2742 311 2780 ac
348 2728 543 2780 deinde
580 2730 800 2783 Procos.
837 2747 870 2782 a
908 2747 1011 2799 quo
1047 2731 1310 2786 confecta.

239 2805 506 2871 Curergo
537 2806 617 2858 bis
653 2807 886 2859 secundo
924 2809 1042 2861 loco
1082 2808 1310 2860 medium

237 2882 549 2948 interponat
570 2884 858 2950 Legatum?
924 2885 1153 2950 Deinde,
1170 2885 1311 2952 quod

236 2969 308 3008 ea
364 2957 671 3011 adversatur
720 2960 1012 3012 narrationi
1060 2959 1312 3026 Appiani,

238 3033 333 3101 qui
356 3048 412 3099 p.
432 3039 516 3086 59.
536 3042 596 3086 et
615 3040 699 3088 66.
731 3044 917 3090 auctor
947 3047 1050 3103 est,
1072 3039 1312 3090 Censori·

240 3125 314 3162 no
335 3112 524 3163 eodem
547 3126 700 3180 anno,
731 3129 834 3181 quo
872 3114 926 3165 in
956 3113 1191 3167 Africam
1221 3130 1311 3167 ve·

237 3195 418 3254 uerat,
457 3190 676 3241 Romam
710 3190 779 3241 ad
817 3190 1060 3242 habenda
1099 3192 1312 3243 comitia

241 3279 486 3333 reverso,
512 3267 788 3319 Manilium
810 3269 864 3319 in
885 3266 1071 3320 Africa
1093 3270 1307 3322 Procos.

238 3357 350 3396 non
373 3346 632 3411 Legatum
661 3360 768 3396 rem
793 3346 1038 3412 gessisse,
1069 3346 1238 3400 donee
1259 3349 1310 3399 ei

236 3435 382 3473 anno
406 3429 663 3488 sequente
695 3422 764 3474 U.
798 3427 915 3474 605.
944 3421 1160 3475 ineunte
1189 3438 1311 3474 vere

239 3513 520 3550 successor
535 3498 682 3550 venit
702 3498 827 3550 Piso
849 3499 968 3551 Cos.
1035 3497 1245 3566 Itaque,
1265 3499 1311 3551 si

237 3574 371 3640 qnid
393 3575 703 3626 mutandum
735 3583 896 3639 esset,
924 3576 1103 3642 potius
1137 3590 1311 3628 emen-

243 3651 480 3703 dandum
534 3650 710 3703 fuerat
747 3653 957 3704 Manilio
1006 3653 1315 3720 &acm-ze,

241 3728 681 3794 quemadmodum
698 3744 816 3782 eum
839 3738 996 3783 vocat
1013 3730 1131 3781 Vai.
1156 3732 1235 3783 M.
1255 3745 1310 3782 v,

242 3812 294 3858 2.
332 3814 447 3860 ext.
483 3812 536 3860 4.
623 3808 764 3878 Nam
804 3807 944 3874 quod
983 3807 1087 3858 dici
1128 3809 1315 3874 possit,

241 3883 522 3935 Manilium
544 3881 765 3935 forsitan
786 3883 978 3935 deinde
998 3884 1178 3935 Pisoni
1209 3886 1312 3936 Le-

241 3955 425 4027 gatum
445 3959 628 4025 fuisse,
657 3959 712 4011 id
744 3975 902 4028 quum
939 3961 1081 4012 nulla
1112 3961 1313 4013 nitatur

148 4099 154 4104 ¹
243 4039 585 4101 actoritate,
606 4042 665 4087 et
684 4036 738 4086 in
761 4036 874 4086 sola
891 4037 1199 4102 conjectura
1220 4053 1313 4104 po·

237 4114 398 4166 itam
416 4116 506 4182 sit,
536 4114 680 4166 nibil·
704 4115 876 4166 valere
915 4121 1094 4180 potest
1128 4115 1195 4165 ad
1226 4131 1311 4167 su·

243 4192 648 4256 perstruendam
663 4198 774 4244 tam
788 4190 991 4244 infirmo
1007 4190 1313 4245 fundamen·

245 4274 306 4318 to
340 4270 721 4332 conjecturam.
787 4269 956 4333 Magis
994 4268 1163 4334 probo
1196 4285 1312 4322 seu·

249 4343 468 4398 tentiam
510 4342 703 4404 Stadii,
744 4343 972 4398 Florum-
997 4358 1218 4411 errasse,
1257 4347 1322 4400 ct‘

2323 396 2455 463 '747

1391 553 1705 605 Mancinum
1722 554 1975 607 Consulens
1994 553 2192 621 facere,
2222 555 2311 624 qni
2340 562 2452 609 tum

1388 631 1406 661 ⁴
1426 630 1720 684 Praeseetus
1756 634 1964 684 classis’
2009 648 2142 686 cum·
2171 634 2363 686 Pisone
2395 634 2451 685 in

1390 707 1627 759 Africam
1644 715 1879 774 venerat,
1898 715 1958 761 nt
1977 708 2230 777 Appiam,
2251 712 2341 778 qui
2356 711 2453 762 eti·

1390 801 1472 838 am
1506 786 1524 816 ‘
1544 787 1777 852 Legatus
1796 785 1812 808 ’
1842 785 2035 839 dicitur
2064 789 2118 838 in
2157 789 2301 854 Epit.
2332 789 2448 840 Lir.

1388 876 1465 915 ιι.
1531 862 1712 913 Errori
1731 875 1946 914 causam
1980 863 2222 927 praebere
2256 864 2451 930 potuit,

1388 939 1527 1006 quod
1560 938 1861 1005 Mancinus,
1900 938 2096 993 Pisone
2141 941 2209 993 ad
2250 940 2451 1008 oppida

1387 1016 1781 1069 mediterranea·
1804 1019 2167 1084 oppugnanda·
2191 1019 2451 1085 profecto,

1388 1108 1506 1145 cnm
1529 1095 1700 1145 classe
1732 1096 1791 1146 in
1821 1095 2045 1147 statione
2078 1096 2144 1148 ad
2181 1098 2457 1164 Carthagi·

1387 1190 1517 1228 nem¹
1529 1176 1761 1242 relictus,
1780 1176 1992 1228 iuterim
2014 1177 2069 1228 in
2092 1178 2290 1231 Urbem
2315 1180 2446 1232 irru-

1387 1253 1489 1319 pit,
1509 1251 1738 1320 Appian.
1762 1254 1947 1307 Punic.
1971 1272 2022 1323 p.
2044 1261 2127 1310 68.
2166 1272 2229 1310 ac
2256 1257 2449 1309 deinde

1387 1331 1567 1383 Roma
1610 1332 1979 1398 Carthaginem
2024 1334 2222 1400 pictam
2260 1349 2451 1401 propo-

1393 1409 1515 1460 suit.
1582 1409 1698 1460 Nec
1719 1408 1865 1461 locus
1886 1411 2116 1476 Appiani
2135 1412 2274 1476 apud
2297 1413 2450 1463 Gne-
2558 1417 2567 1426 ⁰

1386 1486 1527 1536 vium
1551 1485 1831 1552 quidquam
1862 1484 1996 1538 facit
2032 1487 2099 1537 ad
2125 1485 2446 1540 fulciendam

1384 1564 1738 1629 conjecturam
1769 1563 2014 1615 Pittenii.
2080 1565 2218 1616 Nam
2261 1564 2449 1616 Florus

1384 1639 1469 1692 bic
1490 1640 1559 1691 de
1579 1640 1808 1692 secundo
1828 1654 1963 1692 anno
1984 1640 2271 1693 obsidionis
2306 1641 2416 1707 agit
2437 1657 2456 1705 ς

1385 1715 1661 1783 Appianus
1683 1723 1859 1769 autem
1881 1717 1948 1769 de
1970 1718 2157 1784 primo,
2173 1725 2231 1771 et
2246 1725 2451 1784 narrat,

1387 1810 1494 1861 qua
1529 1796 1737 1847 ratione·
1763 1795 2010 1847 Manilius
2042 1804 2101 1849 et
2139 1797 2452 1848 Censorinus

1387 1873 1537 1925 Coss.
1559 1874 2007 1940 oppugnationem
2024 1874 2237 1926 interse
2258 1874 2444 1942 partiti

1383 1947 1597 2002 fuerint.
1660 1950 1875 2015 Pighius
1910 1950 1979 2002 ad
2013 1953 2080 2003 A.
2100 1952 2169 2003 U.
2208 1956 2327 2004 696.
2352 1967 2448 2018 pu·

1386 2032 1488 2095 tat,
1505 2029 1807 2081 Mancinum
1835 2028 1921 2081 bic
1957 2044 2134 2081 errore
2160 2030 2452 2083 scribarum

1389 2066 1640 2156 Conantem
1666 2105 1791 2170 dici,
1812 2105 1903 2171 qui
1933 2105 1951 2135 ⁸
1976 2106 2314 2172 Proprntor'
2337 2105 2451 2159 sue·

1385 2181 1476 2234 rit.
1541 2181 1777 2248 Sigonius
1795 2182 1862 2233 ad
1884 2182 2165 2248 Epit.1.iv.
2192 2197 2243 2235 ι..
2265 2184 2453 2236 scribit

1385 2259 1660 2311 Manilium
1695 2265 1978 2326 prorogato
2013 2260 2234 2326 imperio
2256 2260 2451 2312 bellum

1386 2350 1485 2402 per
1507 2334 1771 2387 biennium
1792 2336 1845 2386 in
1881 2333 2065 2388 Africa
2099 2337 2321 2402 gessisse
2351 2351 2450 2402 pro

1385 2416 1614 2479 consule,
1644 2414 1795 2480 eique
1816 2412 2006 2465 deinde
2027 2429 2162 2467 anno
2184 2415 2343 2467 tertio
2364 2414 2454 2466 ob·

1385 2490 1599 2541 sidionis
1635 2491 1931 2556 Scipionem
1969 2491 2101 2543 Cos..
2125 2492 2454 2543 successisse.

1384 2566 1576 2633 ltaque
1595 2567 1755 2620 etiam
1779 2582 1846 2618 ex
1866 2566 1978 2633 ejus
1997 2568 2261 2619 sententia
2280 2568 2455 2632 legen·

1386 2644 1511 2696 dum
1534 2653 1676 2696 esset
1713 2646 1925 2698 Manilio
1944 2647 2143 2699 Procos.
2208 2647 2312 2699 Sed
2349 2660 2452 2698 non

1387 2723 1514 2774 satis
1535 2724 1864 2775 considerate
1885 2724 2146 2790 Sigonius.
2181 2725 2321 2776 Nam
2337 2738 2454 2775 cer·

1389 2805 1499 2851 tum
1520 2808 1606 2852 est
1623 2816 1692 2852 ex
1713 2800 1945 2869 Appian.
1966 2809 2024 2854 et
2046 2802 2254 2854 Zonara
2268 2816 2349 2853 ιι.
2366 2805 2452 2853 m.

1385 2877 1635 2929 Pisonem
1658 2878 1778 2930 Cos.
1798 2879 1864 2929 A·
1885 2878 1956 2930 U.
1978 2861 2095 2931 605.
2126 2880 2217 2945 qui
2238 2885 2356 2930 erat
2372 2893 2453 2930 se-

1386 2955 1588 3007 cundus
1642 2969 1809 3007 annus
1873 2955 2180 3022 obsidionis,
2230 2955 2455 3007 Manilio

1384 3045 1740 3084 successorem
1784 3033 1842 3084 iu
1875 3031 2112 3085 Africam
2151 3032 2376 3098 venisse,
2394 3041 2455 3085 et

1385 3111 1593 3179 quidem
1615 3113 1829 3165 ineunte
1852 3126 1978 3164 vere
2006 3113 2116 3179 ejus
2140 3112 2298 3175 anni;
2331 3118 2454 3179 post

1385 3192 1534 3258 cujus
1556 3192 1837 3244 adventum
1866 3206 1987 3243 cum
2022 3205 2174 3244 nemo
2207 3191 2454 3243 deinde'a

1386 3269 1608 3320 Manilio
1637 3269 1929 3337 quidquam*
1949 3270 2027 3321 rei
2048 3270 2105 3320 in
2128 3268 2314 3320 Africa
2338 3282 2454 3334 ges-

1386 3353 1498 3397 tum
1522 3347 1733 3412 prodat,
1751 3361 1817 3397 ex
1841 3361 1907 3398 eo
1926 3345 2101 3413 colligi
2123 3344 2453 3411 «iehersem

1384 3423 1580 3475 trsdita
1632 3422 1920 3475 successori
1965 3422 2234 3489 provincia
2271 3422 2454 3474 statim

1385 3501 1604 3553 Romam
1620 3515 1887 3554 reversum
1906 3498 2081 3552 fuisse.
2145 3500 2291 3552 Libri
2312 3506 2455 3552 vete·

1386 3593 1471 3630 res
1494 3579 1580 3630 bic
1603 3579 1732 3630 nibil
1753 3580 1979 3631 variant.
2041 3578 2165 3629 Sola
2185 3580 2250 3629 V.
2271 3579 2335 3630 E.
2353 3592 2453 3644 pro

1385 3656 1615 3707 Mancino
1629 3657 1787 3708 babet
1808 3656 1958 3707 lucio
1980 3655 2190 3706 Manlio.
2225 3653 2363 3705 Hoec
2385 3653 2453 3705 de

1386 3733 1692 3799 conjectura
1714 3733 1953 3784 Pittenii.
2010 3730 2131 3781 Non
2152 3730 2319 3794 magis
2333 3744 2455 3795 pos·

1386 3822 1502 3859 sum
1557 3809 1778 3875 probare
1817 3806 2020 3860 Grovii
2056 3805 2455 3870 interpretatio-

1387 3900 1509 3936 nem
1530 3885 1804 3937 verborum
1845 3883 2002 3949 operis
2032 3886 2201 3946 portas
2230 3882 2453 3934 sumtu.

1385 3961 1657 4027 ‘Operas'
1711 3960 1821 4012 dici
1859 3974 1958 4026 pro
1996 3959 2083 4025 iis,
2137 3958 2228 4026 qui
2263 3972 2451 4024 operas

1385 4039 1736 4104 pmstant,in
1770 4034 2015 4089 confesso
2057 4042 2156 4086 est.
2222 4036 2330 4087 Sed
2351 4051 2455 4087 non

1386 4115 1547 4166 credo
1570 4129 1785 4181 usquam
1821 4114 1900 4166 sic
1938 4112 2197 4179 appellari
2217 4111 2460 4164 defenso-

1386 4206 1471 4242 res
1494 4205 1771 4242 murorum.
1838 4191 1955 4242 Nec
1981 4190 2151 4254 video,
2164 4204 2258 4241 cur
2275 4190 2455 4241 Florus

1386 4269 1479 4319 bos
1496 4267 1707 4317 insolita
1728 4282 1855 4319 voce
1878 4267 2126 4318 maluerit
2142 4280 2327 4317 vocare
2348 4280 2457 4328 ope-

1386 4361 1489 4412 ras,
1509 4360 1685 4414 qnam,
1723 4352 1783 4399 nt
1807 4344 1895 4399 alii
1926 4344 1980 4397 in
2006 4344 2097 4398 tali
2120 4357 2198 4409 re,
2238 4342 2255 4371 ⁸
2274 4339 2455 4394 defeu-
