2950 4892
731 402 796 451 ι..
845 402 1099 451 ANNAEt
1153 399 1373 450 nom
1429 402 1571 449 mn.
1625 404 1734 452 ιιι.
1780 364 1941 451 cai».
1989 386 2051 452 8.

281 546 515 611 simplici
534 551 593 597 et
622 546 871 596 historico
899 559 1154 608 sermone,
1183 544 1356 596 locum

285 622 489 673 babere
523 629 715 686 potest.
781 623 928 673 Ferri
949 620 1172 672 forsitan
1194 621 1355 672 eain·

287 700 608 765 terpretatio
644 707 840 764 posset,
876 701 922 750 si
964 700 1148 750 Florus
1189 700 1356 751 Creti-

284 790 410 827 cum
464 783 522 827 et
574 776 903 827 Balearicum
946 790 1041 840 pro
1084 777 1356 841 nepotibus

285 854 625 905 Macedonici
659 854 945 905 habuisset.
1019 854 1122 905 Sed
1162 856 1208 904 si
1244 854 1356 920 quis

287 930 574 994 conjungat
607 936 854 994 nepotem
883 936 941 979 et
970 929 1154 994 fllium,
1189 937 1247 981 ut
1269 930 1354 981 ltic

284 1020 354 1055 ex
373 1007 640 1056 sententis
660 1005 781 1057 Vin.
810 1011 867 1055 et
886 1004 1223 1056 Freinshemii
1246 1004 1354 1056 fac·

281 1091 405 1134 tum
422 1085 688 1148 est,plaue
706 1082 985 1135 absurdum
1001 1083 1209 1133 videtur
1227 1098 1355 1134 voce

285 1160 302 1186 ⁸
325 1158 634 1209 liberorum'
674 1160 752 1209 sic
786 1159 883 1221 nti,
913 1165 973 1209 nt
1009 1171 1075 1208 ea
1106 1172 1208 1208 uno
1239 1158 1354 1210 loco

282 1249 474 1300 nepos,
496 1236 664 1287 altero
685 1234 821 1285 filius
841 1235 1159 1299 designetur.
1226 1235 1357 1286 Om-

283 1311 412 1361 nino
429 1312 729 1362 verosimile
751 1319 834 1363 est
856 1312 1066 1362 Florum
1090 1312 1352 1363 Creticum

284 1393 346 1437 et
367 1389 698 1439 Balearicum
717 1387 952 1438 babuisse
972 1402 1071 1451 pro
1086 1387 1355 1453 fratribus,

281 1470 345 1514 et
383 1464 716 1515 Macedonici
733 1463 869 1523 liliis,
907 1480 971 1516 eo
1003 1465 1144 1530 quod
1166 1466 1352 1516 Balea-

283 1540 581 1607 ricum,qui
603 1541 931 1592 Macedonici
962 1540 1190 1592 filiorum
1221 1548 1351 1592 natu

279 1619 545 1669 :animus
582 1618 704 1682 fnit,
742 1619 952 1670 Cretico
973 1619 1264 1683 postponit,
1298 1625 1354 1669 et

281 1694 550 1746 Balearicl
585 1709 869 1759 cognomen
901 1696 1168 1760 accepisse
1202 1696 1353 1760 dicit,

277 1776 560 1836 postquam
582 1771 717 1822 aiter
737 1786 806 1823 ex
826 1772 1001 1822 liberis
1022 1772 1352 1823 Macedonici

283 1847 532 1899 Creticus
569 1848 863 1913 adpellatus
893 1847 1096 1899 fuerat:
1154 1850 1208 1898 in
1249 1864 1352 1915 quo

279 1922 634 1975 intolerabili:
676 1930 758 1975 est
808 1923 1127 1989 armensis.
1214 1925 1352 1976 Nam

281 2000 590 2052 Balearicus
603 2002 943 2068 triumpharit
959 2002 1026 2053 de
1043 2002 1352 2053 Balearibus

281 2076 358 2128 A.
381 2078 447 2128 U·
464 2082 583 2130 612.
617 2081 858 2132 Creticus
896 2081 1021 2131 Cos.
1056 2078 1161 2131 fuit
1196 2078 1262 2129 Α.
1283 2080 1349 2131 U.

280 2159 406 2206 ⁶84.
441 2162 500 2206 et
535 2164 654 2221 post
686 2158 1023 2208 Consulatum
1050 2158 1105 2208 in
1141 2158 1352 2208 Cretam

227 2290 234 2299 j
280 2232 476 2283 missus
516 2233 571 2284 in
610 2248 692 2297 ea,
728 2234 983 2300 Eutropio
1020 2240 1255 2299 auctore,
1297 2235 1350 2285 in

281 2308 502 2360 tertium
526 2324 714 2361 annum
735 2310 928 2361 bellum
944 2311 1121 2377 gessit.

349 2387 455 2449 §.2
488 2387 592 2437 Per
623 2388 753 2438 idem
781 2387 987 2452 tesspas]
1020 2389 1207 2440 Mallet
1228 2388 1350 2455 Lip-

279 2460 422 2512 sius:
449 2477 539 2526 per
557 2463 612 2512 id
632 2468 831 2527 tenpus.
861 2464 1042 2516 Groev.
1105 2464 1195 2514 Ita
1216 2465 1360 2531 Reg..

282 2539 354 2590 Q.
392 2539 528 2589 Idem
544 2545 727 2605 tenpus
747 2555 850 2609 uon
882 2548 1059 2606 potest
1089 2542 1260 2608 accipi
1279 2542 1348 2594 de

277 2615 411 2679 alio,
434 2631 587 2682 quam
604 2631 709 2683 quo
743 2617 1010 2682 Servilius,
1047 2618 1351 2683 Pompeius,

275 2700 340 2744 et
361 2692 630 2755 Metellus,
649 2707 866 2759 qnorum
890 2708 972 2749 res
993 2700 1170 2759 gestas
1191 2708 1352 2759 supra

275 2768 550 2832 exposuit,
570 2769 763 2837 bellum
784 2770 1053 2833 gesserunt
1072 2784 1191 2820 eum
1214 2770 1352 2835 pira·

2366 388 2496 453 853

1431 559 1535 596 non
1570 545 1695 595 satis
1728 546 1925 611 justam
1969 545 2126 597 fuisse
2166 546 2318 611 hujus
2363 544 2492 597 belli

1430 636 1653 673 causam.
1720 624 1856 674 Nam
1878 638 2034 689 quum
2066 623 2260 687 perditi
2282 623 2489 688 quidam

1429 712 1462 749 e
1484 698 1784 751 Balearibus
1798 701 2104 751 societatem
2114 699 2356 750 fecissent
2373 713 2493 749 cum

1428 775 1631 840 piratis,
1673 792 1705 827 e
1748 790 2024 841 paucorum
2063 778 2260 828 scelere
2294 776 2491 826 crimen

1428 851 1691 915 publicum
1728 853 1896 916 gentis
1933 852 2148 919 factum,
2180 860 2236 905 et
2256 854 2494 905 Baleari·

1429 925 1528 977 bus
1553 927 1746 979 bellum
1768 929 1985 979 inlatum
2008 928 2184 980 fuisse.
2480 946 2487 961 ·

1493 1004 1541 1066 §.
1563 1007 1594 1054 8
1629 1004 1903 1056 lausaim
1938 1004 2092 1069 rates]
2125 1004 2263 1056 Vide
2297 1006 2488 1057 Zonar.

1428 1083 1553 1128 tom.
1575 1082 1624 1130 2.
1648 1094 1700 1144 p.
1718 1084 1803 1132 92.
1844 1081 2068 1132 Freinsh.

1493 1155 1916 1220 Praeaauigoatss]
1972 1156 2098 1218 Pro,
2154 1156 2491 1221 praternari-

1427 1234 1627 1292 gantes.
1693 1232 1781 1282 Sic
1804 1233 1924 1282 sen.
1946 1246 2033 1282 ιιι.
2069 1232 2137 1281 de
2158 1231 2246 1282 1rs
2265 1236 2347 1282 22.
2369 1232 2491 1283 Val.

1425 1307 1504 1363 U.
1541 1308 1748 1373 aliique.
1812 1308 2009 1359 Similia
2040 1316 2162 1358 sunt
2192 1310 2209 1337 ⁴
2234 1309 2490 1373 proelabi,’

1425 1382 1444 1412 ‘
1465 1383 1732 1447 praevehi‚’
1769 1391 1827 1434 et
1863 1384 1967 1434 alia
1986 1384 2135 1448 hujus
2158 1385 2383 1449 generis,
2418 1384 2487 1435 de

1426 1459 1616 1525 quibus
1631 1460 1734 1511 vid.
1751 1475 1880 1526 qnos
1896 1462 2075 1511 laudat
2092 1461 2287 1511 clariss.
2305 1462 2485 1513 Burm.

1427 1534 1494 1585 ad
1517 1535 1733 1588 Petron.
1749 1550 1899 1588 xcix.
1922 1536 2093 1602 Ryck.
2106 1538 2491 1600 pernavigantes.

1427 1611 1550 1663 Hoc
1570 1613 1842 1665 confirmat
1864 1616 2214 1679 conjecturam
2237 1614 2493 1678 Rutgersii

1425 1702 1475 1738 c.
1497 1700 1615 1740 xtv.
1646 1689 1893 1740 venusin.
1926 1692 2074 1742 Lect.
2095 1690 2147 1739 in
2171 1689 2379 1741 Caesare
2401 1703 2490 1739 ιιι.
2543 1686 2549 1699 ‘

1426 1765 1492 1815 B.
1527 1766 1589 1817 C.
1630 1769 1714 1816 26.
1751 1780 1818 1815 ex
1857 1781 1938 1831 eo,
1971 1766 2113 1831 quod
2147 1766 2220 1816 ibi
2259 1765 2311 1814 in
2356 1771 2490 1819 vett·

1425 1841 1569 1892 libris
1604 1851 1688 1893 est
1719 1844 2054 1908 penes-mr,
2078 1844 2297 1907 legentis
2314 1857 2495 1906 preve-

1425 1922 1622 1984 ωηεν,
1647 1937 1745 1988 pro
1765 1923 1938 1989 quoin
1957 1923 2176 1987 vulgatis
2198 1928 2279 1973 est
2293 1928 2492 1986 preter-

1424 1998 1677 2050 masam.
1707 1999 1830 2048 vid.
1853 1999 1926 2049 ibi
1949 1999 2017 2049 cl.
2039 1997 2384 2063 Oudendorp.

1493 2075 1744 2140 [inopinato
1783 2076 1964 2141 impeta
2003 2075 2239 2139 temere]
2312 2075 2482 2139 Ryck.

1423 2151 1669 2216 inopinato
1689 2154 1866 2214 impeta
1885 2157 2063 2202 terrers
2078 2169 2096 2202 .-
2143 2150 2306 2216 possis
2326 2152 2490 2217 expli-

1425 2231 1671 2295 care‚sed
1694 2232 1909 2296 vulgata
1920 2245 2043 2281 vers
2056 2237 2158 2280 est.
2183 2232 2348 2281 (ἕνα.
2386 2231 2491 2280 De-

1423 2304 1547 2357 in‘de
1566 2306 1817 2358 Scheffer.
1840 2307 1967 2370 legit
1991 2310 2059 2358 Et
2080 2322 2185 2357 cass
2204 2306 2485 2361 venientem.

1491 2389 1539 2451 §.
1580 2391 1615 2437 4
1668 2387 1867 2455 Ingenti
1918 2389 2128 2452 lapidans
2175 2402 2489 2452 saxumque

1420 2461 1604 2525 nimbo]
1637 2463 1805 2527 Ryck.
1825 2464 2011 2526 ingenti
2029 2465 2239 2527 lapidant
2263 2479 2489 2514 saxorum

1420 2538 1613 2590 ain-boc
1672 2538 1897 2590 'Videtur
1927 2540 2135 2603 lapidans
2170 2554 2286 2590 esse
2327 2538 2489 2589 inter-

1425 2617 1653 2681 pretatio
1670 2617 1759 2666 τοῦ
1777 2618 1794 2645 ⁴
1813 2615 2086 2675 saxorum?
2098 2626 2152 2667 et
2166 2630 2234 2665 ex
2256 2614 2488 2680 margine

1422 2692 1689 2758 irrepsisse
1721 2694 1772 2744 in
1803 2698 2129 2744 contextum.
2192 2693 2324 2742 Mox
2347 2691 2485 2743 idem

1422 2771 1592 2824 codex
1615 2773 1771 2837 bene,
1786 2773 1882 2823 nisi
1900 2787 2035 2837 quens
2062 2772 2167 2835 ipso
2196 2775 2487 2823 mrem

275 2844 369 2895 tis.
437 2845 554 2895 Nec
574 2846 728 2896 aliam
750 2845 1237 2910 interpretationem
1261 2846 1350 2897 ad-
1416 2850 1723 2915 percassert'e.
1772 2850 1950 2901 Grter.
2026 2848 2235 2913 Lapides
2270 2853 2329 2905 st
2366 2863 2488 2897 saxa

274 2920 454 2971 mittit
472 2921 525 2971 ia
544 2927 744 2986 tenpus.
791 2921 911 2975 noe
932 2921 1140 2987 quidem
1160 2936 1348 2987 repng·
1410 2925 1565 2991 jungi
1603 2930 1819 2990 possunt
1838 2936 1933 2990 per
1962 2923 2338 2988 synonymiam,
2365 2937 2485 2988 qum

275 3006 376 3047 nat
420 2997 606 3048 rationi
642 2998 912 3062 temporis.
989 2998 1098 3049 Sed
1136 2999 1346 3050 Florum

275 3072 611 3126 existimasse
646 3075 839 3126 bellum
860 3075 1189 3142 Balearicum
1224 3084 1347 3141 post

269 3152 374 3202 illa
391 3153 660 3217 superiora
675 3158 878 3218 gestum
896 3168 1029 3216 esse,
1042 3160 1347 3217 argumento

274 3237 382 3293 est,
401 3230 540 3296 quod
559 3230 763 3281 illorum
791 3229 1056 3281 historiam
1090 3229 1237 3295 prins
1258 3244 1348 3281 ex·

271 3307 539 3371 sequitur,
558 3314 616 3363 et
631 3307 774 3372 qaod
811 3307 865 3357 in
896 3308 996 3358 boc
1013 3322 1135 3372 cap.
1156 3308 1346 3358 Metel-

269 3386 388 3435 lum
407 3384 736 3436 Balearicum
771 3399 1060 3450 cognomen
1081 3386 1346 3449 accepisse

267 3461 410 3513 dicit
433 3467 554 3526 post
574 3463 862 3514 Creticum.

341 3536 546 3604 hala]
591 3538 709 3589 Vox
742 3538 980 3590 ista‘uou
1012 3538 1222 3591 videtur
1258 3554 1345 3604 ge-

269 3615 468 3675 nuina;
496 3628 678 3666 sensns
712 3620 860 3665 certe
890 3615 1066 3679 ejecta
1093 3628 1156 3665 ea
1191 3616 1342 3680 longe

269 3692 372 3745 fist
391 3691 675 3743 venustior.
713 3691 938 3743 steiana.
1004 3692 1343 3744 Freinshemii

254 3768 523 3834 J'ndicinm
546 3768 769 3833 probant
787 3768 1029 3821 Perison.
1064 3769 1131 3820 ad
1153 3769 1204 3820 11.
1227 3770 1259 3822 l.
1285 3777 1344 3821 et

265 3843 413 3897 'foil-
449 3844 598 3899 roz-t.
631 3857 792 3895 xxxx.
861 3843 989 3894 Mox
1008 3844 1290 3897 Salmasius
1310 3861 1342 3896 e

265 3922 381 3975 suis
399 3920 681 3975 adnotarat
698 3919 855 3974 wis
874 3928 1200 3987 merone.
1251 3923 1342 3975 Sic

265 3998 435 4050 etiam
488 3997 658 4062 Ryck.
713 3996 892 4049 Berol.
943 3997 1106 4062 Msgt.
1152 3999 1341 4051 Duisb.

267 4074 432 4129 Fran.
474 4079 534 4124 et
569 4087 622 4122 v.
662 4086 709 4124 e.
748 4077 806 4124 et
848 4072 1051 4128 mollius
1099 4073 1338 4127 videturt

264 4151 541 4215 vulgatum
563 4149 738 4213 paullo
758 4149 1106 4214 mperiuwt.
1141 4152 1340 4204 Tollius

261 4226 518 4283 emendat
534 4225 880 4291 conspuerant,
903 4241 969 4276 ex
992 4240 1032 4278 1.
1052 4232 1102 4279 9.
1115 4232 1165 4279 8.
1182 4236 1240 4279 et
1262 4243 1338 4283 tv.

243 4307 317 4363 .2.
343 4305 393 4357 ⁸.
422 4301 618 4358 Strabo
643 4301 758 4355 Lib.
792 4315 882 4355 ιιι.
915 4318 966 4369 p.
1001 4308 1110 4358 167.
1142 4305 1339 4361 iudicat

1421 2999 1591 3065 figura
1611 3000 1853 3067 frequens
1874 3006 1959 3051 est
1977 3001 2150 3052 Floro.
2186 2999 2324 3050 Nam
2345 2999 2487 3050 inter

1422 3077 1438 3107 ‘
1462 3077 1717 3142 lapidem’
1736 3084 1794 3130 et
1812 3077 1829 3106 ⁴
1850 3077 2057 3128 saxum'
2076 3091 2218 3142 saepe
2239 3091 2343 3128 non
2359 3077 2487 3127 mul·

1424 3159 1533 3204 tum
1554 3153 1791 3205 interest.
1822 3153 1945 3204 Tac.
1980 3168 2018 3204 1.
2059 3152 2141 3211 A.
2164 3158 2247 3206 2⁶7.
2282 3154 2299 3182 ‘
2318 3153 2482 3204 Simul

1420 3230 1693 3295 ingruunt,
1713 3245 1836 3301 saxa
1849 3230 2089 3295 jaciunt:
2116 3230 2333 3299 jamque
2353 3229 2487 3295 lapi·

1420 3308 1501 3360 dis
1518 3308 1627 3363 ictu
1647 3308 1929 3360 cruentus?
1960 3309 2016 3359 Si
2030 3308 2325 3372 discrimen,
2342 3306 2482 3373 qnod

1420 3384 1764 3437 Grammatici
1805 3385 2013 3451 quidam
2055 3385 2191 3436 inter
2234 3386 2345 3436 baec
2381 3392 2486 3435 sta·

1419 3467 1593 3527 tuunt,
1625 3462 1902 3528 sequimur,
1940 3465 1957 3491 ⁴
1992 3462 2220 3528 lapides’
2262 3468 2484 3528 possunt

1419 3552 1536 3590 esse
1571 3538 1813 3603 minores,
1842 3540 1859 3568 ⁴
1883 3540 2032 3590 saxa’
2059 3541 2276 3605 majora.
2346 3541 2482 3592 Nam

1419 3615 1577 3666 Diod.
1641 3616 1747 3668 Sic.
1783 3616 1900 3668 Lib.
1940 3632 1991 3669 v.
2030 3632 2081 3681 p.
2117 3621 2233 3668 2⁰7.
2278 3617 2482 3681 scribit,

1416 3692 1668 3742 Baleares
1688 3691 1862 3744 fundis
1884 3692 2083 3757 lapides
2117 3694 2282 3743 multo
2318 3692 2481 3756 majo·

1418 3781 1524 3830 res,
1548 3781 1702 3833 quam
1738 3769 1870 3819 ullos
1905 3768 2052 3829 alios,
2083 3768 2290 3831 jacere,
2322 3767 2481 3833 idque
2544 3788 2551 3795 ·

1418 3850 1528 3895 tam
1567 3843 1738 3899 valido
1772 3843 1902 3907 ictu,
1922 3850 1982 3894 ut
2003 3843 2275 3906 catapulta
2309 3842 2483 3895 emitti

1415 3921 1707 3975 videantur.
1772 3922 1858 3972 Ita
1880 3934 2082 3987 quoque
2102 3921 2214 3971 inec
2233 3920 2483 3987 distingui

1416 3997 1662 4049 videntur
1695 3996 1749 4048 in
1781 3998 1819 4048 l.
1854 4011 1896 4047 1.
1935 3998 1983 4062 §.
2022 4001 2103 4048 17.
2138 3997 2209 4046 D.
2245 3997 2311 4049 de
2337 3998 2479 4051 SCto

1414 4074 1573 4125 Silan.
1605 4075 1622 4102 ‘
1646 4075 1730 4124 vel
1751 4089 1899 4137 saxo,
1919 4073 2002 4124 vel
2024 4071 2181 4139 fuste,
2203 4075 2286 4125 vel
2306 4074 2480 4140 lapide

1415 4152 1748 4218 percussum.’
2408 4186 2415 4193 -

1482 4228 1684 4292 Nimbo]
1716 4228 1840 4280 vid.
1862 4228 1985 4286 Iud.
2017 4229 2138 4282 Liv.
2162 4242 2358 4287 xxxvl.
2396 4235 2424 4282 1

1416 4306 1433 4336 ‘
1457 4304 1675 4373 Fundis,
1711 4305 1856 4360 velut
1877 4305 2127 4374 nimbum,
2161 4306 2375 4372 glandes
2397 4305 2474 4360 iu·
