2950 4892
510 385 656 463 Bw

521 560 637 602 eam
657 544 947 611 object-ris
964 544 1042 600 lts
1061 545 1307 600 occurrit.
1342 547 1362 577 ‘
1380 545 1486 598 Sed
1509 546 1585 598 in·

521 626 729 678 wlimm
762 625 859 678 boc
892 632 994 678 est.
1040 624 1348 688 Insolitnin3
1383 626 1479 678 sed
1509 632 1586 677 ts-

522 719 642 756 -en
660 704 815 756 Floro
837 703 1099 770 scriptori
1120 706 1351 756 Romano
1370 719 1586 770 usurpe-

524 789 666 833 tum:
703 781 793 847 qui
827 781 1065 847 proinde,
1088 780 1227 847 quod
1251 797 1316 832 eo
1347 793 1585 846 tempore

520 858 748 922 viveret,
769 873 872 926 quo
895 859 1086 912 Latina
1115 861 1292 925 lingue
1318 860 1487 910 adbuc
1512 860 1586 911 vi-

524 934 699 1000 gebat,
717 937 895 987 nescio
915 951 982 987 an
1016 952 1048 987 a
1081 937 1246 1000 nobis,
1274 936 1362 1003 qai
1400 938 1586 987 Roma·

521 1028 704 1064 norum
739 1014 793 1064 iu
836 1013 916 1066 liis
952 1013 1196 1079 discipuli
1239 1027 1433 1076 snmus,
1475 1014 1587 1063 sine

524 1090 838 1156 arrogantie
863 1098 918 1142 et
940 1092 1251 1142 temeritatis
1268 1099 1393 1141 nota
1422 1091 1589 1155 possit

526 1166 764 1231 culpari.'
827 1166 907 1218 Ac
929 1166 1170 1235 denique,
1195 1174 1255 1219 ut
1276 1167 1430 1218 etiam
1453 1166 1588 1217 fuce-

522 1250 608 1294 tus
633 1241 890 1313 videatur,
911 1243 1042 1294 banc
1059 1244 1460 1309 disputationem
1482 1242 1590 1294 dic·

526 1326 582 1370 to
605 1317 979 1372 Germanorum
1002 1320 1249 1371 claudens
1281 1320 1589 1384 interrogat,

529 1395 546 1423 ‘
572 1408 639 1446 sn
661 1408 815 1446 ovum
836 1397 1117 1462 sepientius
1141 1398 1267 1450 velit
1299 1411 1416 1448 esse
1446 1397 1593 1462 galli·

530 1469 650 1522 na?
703 1470 768 1523 In
801 1473 898 1538 liis,
939 1480 998 1525 ut
1029 1474 1142 1524 sine
1173 1473 1479 1526 circuitione
1513 1473 1592 1525 di-

528 1563 660 1612 catu,
680 1563 747 1599 ne
770 1551 907 1602 mie·
925 1551 1132 1617 quidem
1152 1552 1275 1603 salis
1295 1561 1397 1603 est.
1454 1551 1591 1602 Nam

528 1624 653 1690 quid
675 1627 943 1678 absurdius
973 1643 1089 1679 esse
1120 1635 1312 1694 potest,
1331 1643 1485 1696 quain
1502 1643 1594 1678 ex-

528 1701 763 1772 istimare
807 1717 1003 1769 ornnes,
1022 1705 1112 1771 qui
1155 1702 1381 1756 florente
1423 1706 1596 1772 aliqua

530 1778 710 1843 lingua
741 1781 993 1845 scribunt,
1025 1796 1233 1847 semper
1263 1781 1508 1833 adcurate
1538 1788 1596 1833 et

534 1869 653 1906 cum
681 1855 883 1920 judicio
916 1857 1090 1924 loqui?
1122 1860 1282 1910 Multi
1314 1866 1436 1912 ante
1476 1860 1595 1910 Flo·

531 1944 835 1996 numqaum
852 1932 1021 1984 adbuc
1044 1935 1223 1998 purior
1236 1943 1293 1985 et
1310 1936 1598 2001 simplicior

532 2014 652 2058 erat
680 2022 851 2058 sermo
884 2009 1115 2074 latinus,
1136 2026 1231 2062 nec
1254 2020 1361 2062 tam
1382 2025 1599 2077 corrup·

428 2103 437 2114 ·
536 2091 647 2136 tuin
694 2083 955 2148 judicium
1003 2088 1359 2153 scribentium,
1413 2090 1600 2140 Latino

534 2175 772 2211 sermone
806 2162 1145 2228 scripserunt,
1167 2171 1225 2216 et
1258 2174 1431 2216 tamen
1459 2181 1492 2216 a
1512 2166 1599 2216 Ci-

536 2251 743 2302 cerone,
784 2238 1124 2305 Quintiliano,
1165 2242 1385 2308 aliisque
1422 2258 1601 2307 repre-

536 2315 685 2368 nen-i
717 2323 856 2379 sunt,
872 2316 1009 2382 quod
1034 2317 1135 2368 alia
1156 2319 1243 2368 vix
1269 2319 1473 2384 Latine,
1496 2320 1600 2370 alia

534 2392 826 2456 pueriliter,
846 2393 1042 2459 inepte,
1064 2410 1127 2446 ac
1152 2396 1359 2461 turgide
1379 2398 1599 2462 scripse-

532 2476 672 2521 rant.
757 2472 914 2523 Nunc
954 2474 1162 2541 quidem
1206 2489 1311 2526 non
1352 2476 1600 2527 babemus

534 2563 650 2600 esni
700 2551 936 2602 notitiam
986 2554 1237 2604 sennonis
1296 2554 1492 2617 Latini,
1539 2561 1600 2606 ut

532 2627 724 2691 omnis,
747 2642 865 2694 qnae
895 2643 1018 2680 usus
1060 2631 1202 2681 illins
1237 2632 1436 2695 tulerit,
1470 2633 1599 2683 scia·

532 2718 671 2767 mus,
703 2711 796 2756 sut
829 2705 896 2756 de
929 2706 993 2757 lis
1029 2714 1287 2777 tamquam
1321 2724 1352 2760 e
1389 2709 1600 2774 tripode

530 2783 849 2847 respondere
895 2785 1164 2849 possimus.
1229 2785 1333 2837 Sed
1365 2787 1452 2853 qui
1498 2786 1602 2836 sibi

533 2857 775 2923 diligenti
810 2860 1043 2911 lectione
1075 2863 1389 2928 optimorum
1422 2864 1601 2928 Scrip-

526 2942 703 2985 torum
735 2936 956 3003 aliquem
988 2953 1136 2989 nsum
1168 2941 1304 2990 iliius
1338 2954 1606 3004 compara-

534 3018 679 3073 runt,
722 3017 781 3062 et
820 3014 1069 3065 mediocri
1116 3013 1368 3067 facultate
1411 3015 1603 3081 judicii

532 3088 744 3153 praediti
775 3098 915 3155 sunt,
954 3105 1053 3141 non
1087 3090 1372 3143 difficulter
1408 3093 1604 3144 intelli·

536 3173 686 3231 gunt,
722 3166 830 3229 illa,
869 3181 987 3232 qun
1039 3169 1157 3233 ipsa
1194 3177 1387 3220 natura
1425 3183 1604 3220 rernm

534 3244 773 3310 copulari
799 3258 899 3294 non
924 3245 1140 3309 patitur,
1161 3260 1381 3312 qnoque
1409 3261 1442 3297 a
1463 3261 1602 3298 coin·

533 3321 678 3371 muni
716 3320 1096 3371 consuetudine
1132 3322 1377 3388 loquendi
1415 3322 1603 3374 abbor-

534 3404 675 3462 rent,
694 3410 797 3448 non
818 3397 982 3461 magis
1002 3398 1186 3449 Latino
1202 3412 1437 3454 sermone
1456 3406 1604 3453 reete

536 3478 768 3543 potuisse
806 3477 931 3540 dici,
975 3491 1130 3544 qnam
1174 3477 1357 3529 eadem
1400 3493 1539 3531 nunc
1572 3495 1605 3531 a

534 3567 814 3621 quoquam,
834 3568 1069 3604 sermone
1087 3555 1258 3620 patrio
1274 3554 1473 3621 sibique
1491 3571 1605 3608 ver·

534 3636 722 3686 naeulo
743 3634 1023 3700 scribente,
1049 3634 1162 3685 sine
1199 3634 1602 3699 reprehensione

535 3713 642 3766 dici
676 3713 901 3766 scribive
937 3719 1171 3778 possunt.
1237 3711 1298 3762 ln
1331 3712 1489 3763 Floro
1515 3728 1603 3765 au-

535 3799 643 3845 tem
664 3807 778 3844 esse
801 3790 1038 3859 quiedam
1075 3789 1389 3856 thusmodi,
1409 3798 1467 3841 et
1490 3804 1603 3840 ora-

538 3872 732 3922 tionem
762 3871 886 3937 ejus,
907 3877 1093 3940 contra
1115 3884 1270 3937 quam
1299 3870 1422 3921 stilo
1442 3870 1603 3921 histo·

534 3949 645 3998 rico
681 3948 943 4012 convenit,
971 3961 1114 4013 saepe
1150 3947 1266 4012 plus
1295 3962 1445 4013 quam
1481 3947 1604 4013 poe-

530 4026 645 4076 'tico
671 4031 874 4075 tumore
912 4032 1143 4089 turgere,
1175 4024 1371 4075 dudum
1395 4024 1602 4091 judica-

530 4108 660 4153 ‘runt
701 4100 951 4166 Scaliger,
981 4102 1133 4153 Voss.
1168 4102 1329 4153 Saltu.
1368 4107 1425 4154 et
1457 4102 1606 4168 quid-

537 4178 663 4246 quid
706 4178 900 4244 ubique
935 4177 1038 4234 fuit
1075 4180 1386 4232 Doctorum.
1465 4180 1601 4235 Qua

537 4254 709 4306 omnia
748 4255 792 4305 si
827 4255 940 4320 quis
976 4262 1232 4321 tamqnam
1261 4271 1378 4308 cnm
1399 4258 1604 4323 judicio

532 4332 731 4397 scripta
752 4329 1054 4395 defendere,
1072 4339 1162 4383 aut
1184 4347 1470 4386 sermonem
1490 4335 1604 4386 Flo-

1231 400 1448 456 ποτε
1494 383 1898 454 νἰιιιοιωιι
1946 399 2028 453 ιιι

1662 545 1710 597 ri
1748 560 1846 612 pro
1879 559 2061 599 norma
2088 545 2226 599 bene
2255 547 2513 615 loquendi
2539 561 2716 616 props-

1661 631 1788 674 nere
1819 624 1967 688 velit,
2001 624 2049 676 is
2088 622 2303 690 quidem
2346 624 2607 689 genuinus
2642 633 2716 676 est

1663 700 1831 766 pullus
1847 701 2007 764 Flori,
2025 700 2080 750 id
2102 706 2203 764 est,
2227 715 2294 750 ex
2315 715 2500 751 eorum
2521 715 2719 766 genere,

1662 791 1790 843 quos
1814 776 2113 830 infelicibus
2142 778 2252 828 ovis
2284 785 2439 829 natos
2473 778 2606 829 dicit
2635 778 2722 830 Ju-

1662 855 1876 905 venalis.
1940 856 2055 919 Ego
2087 854 2263 905 malim
2298 853 2588 920 discipulus
2618 869 2721 906 esse

1661 931 1815 995 Livii,
1839 933 1924 983 cui
1957 932 2192 983 eumden
2226 946 2335 982 rem
2367 931 2630 982 scribenti
2659 932 2727 980 ie-

1665 1022 1790 1058 sans
1834 1009 1923 1059 iila
1965 1008 2268 1074 metaphors
2317 1009 2459 1059 Flori
2506 1010 2588 1058 uti
2630 1021 2724 1057 non

1665 1084 1881 1148 placuit.
1924 1082 2045 1136 Vid.
2071 1084 2230 1134 verba
2250 1083 2390 1134 illius
2414 1082 2482 1133 ad
2507 1098 2561 1133 n.
2581 1088 2633 1133 2.

1728 1163 1832 1226 §.4
1863 1162 2092 1227 ligures]
2127 1162 2241 1214 Hos
2279 1171 2427 1213 trans
2461 1161 2632 1227 Alpes
2666 1161 2728 1211 ad

1665 1239 1966 1291 Rhodanum
1983 1254 2147 1306 usque
2164 1253 2453 1304 occupasse
2464 1239 2594 1292 olim
2613 1238 2730 1289 Gel-

1664 1317 1785 1368 liam
1815 1318 2228 1380 Narbonensem,
2243 1316 2428 1368 itidem
2452 1317 2732 1379 uthsre,

1665 1396 1756 1462 qui
1779 1395 1972 1447 Galliae
2009 1404 2067 1447 et
2101 1394 2269 1447 Italia
2307 1394 2568 1445 muninus
2607 1399 2735 1456 erat,

1668 1473 1735 1525 ad
1780 1471 1979 1524 Arnum
2021 1472 2230 1524 Italiam
2272 1477 2481 1523 constat
2500 1487 2517 1521 ι
2575 1485 2733 1537 qnare

1667 1551 1920 1616 impedite
1943 1550 2216 1602 admodum
2237 1557 2420 1601 noster
2438 1556 2496 1601 et
2519 1549 2736 1600 obscure

1669 1628 1736 1678 de
1758 1627 1894 1678 bello
1913 1628 2182 1693 Ligustino
2203 1627 2447 1690 tradidit,
2468 1627 2598 1677 du-
2617 1627 2735 1676 scri-

1670 1705 1769 1769 bit,
1788 1706 2035 1756 bellatum
2069 1721 2185 1757 cuni
2223 1706 2526 1771 Liguribus,
2565 1705 2655 1771 qui
2685 1704 2735 1753 in

1672 1781 1698 1832 1
1705 1782 1831 1833 talia
1849 1783 1991 1833 inter
2003 1783 2199 1834 Varum
2218 1791 2273 1834 et
2290 1784 2528 1834 Macram
2549 1780 2737 1832 flumen

1670 1859 1926 1920 hubitant,
1956 1874 2058 1924 quo
2090 1860 2205 1912 loco
2240 1860 2469 1927 Ingauni
2507 1868 2568 1912 et
2600 1859 2739 1911 Inte·

1673 1937 1815 1988 melli
1850 1938 1914 1988 ab
1941 1937 2053 1987 eliis
2086 1946 2391 2000 censentur3
2427 1944 2616 2003 utpote
2655 1936 2740 2003 qai

1674 2013 1936 2064 maritima
1974 2029 2006 2064 a
2039 2015 2225 2066 Nicea
2259 2015 2327 2065 ad
2359 2014 2496 2066 vada
2535 2014 2742 2067 Subotis

1674 2090 2006 2151 habitarunt3
2039 2091 2245 2156 quando
2261 2092 2441 2157 paullo
2465 2089 2740 2156 post,duu

1676 2174 1948 2219 enumerat
1979 2169 2271 2233 Ligustinos
2305 2168 2448 2220 bello
2476 2168 2739 2229 subactos,

1675 2260 1765 2296 eos
1803 2260 2008 2313 quoqne
2037 2260 2153 2297 cuin
2187 2245 2302 2296 istis
2337 2243 2637 2308 confundit,
2659 2242 2743 2309 qui

1675 2328 1823 2374 trum
1847 2324 2008 2389 Alpes
2029 2324 2167 2374 ultra
2186 2324 2384 2373 Varum
2414 2324 2609 2387 partin
2643 2334 2743 2370 me-

1676 2398 1994 2464 diterranea,
2013 2403 2205 2466 partim
2238 2400 2524 2463 maritima,
2544 2401 2599 2449 in
2621 2399 2741 2449 Gsl·

1674 2478 1747 2528 lia
1763 2479 2089 2529 Narbonensi
2109 2477 2373 2530 habebant
2388 2494 2404 2538 ς
2427 2479 2445 2506 ‘
2457 2477 2744 2529 Dece-tes'

1675 2556 1815 2606 enim
1860 2554 1927 2605 ad
1963 2555 2090 2605 Vari
2129 2555 2284 2618 ostis,
2320 2557 2337 2584 ⁸
2362 2553 2597 2620 Oxybii’
2632 2554 2741 2605 istis

1676 2633 1974 2695 orientales,
1992 2631 2057 2682 ad
2081 2645 2223 2682 oram
2254 2631 2450 2682 Gallici
2473 2632 2634 2682 meris
2661 2631 2741 2681 bs·

1673 2709 1938 2773 bitabant,
1955 2719 2140 2775 estque
2160 2707 2354 2760 ibidem
2371 2717 2562 2774 portus
2579 2709 2742 2774 ‘Oxy-

1675 2785 1831 2850 bius,’
1850 2801 1882 2836 a
1900 2786 2071 2836 vicina
2090 2786 2323 2851 ejusdem
2346 2786 2573 2836 nominis
2593 2794 2742 2851 gente

1676 2863 1849 2914 dictus
1868 2863 2135 2926 Straboni,
2153 2862 2244 2915 lib.
2274 2867 2326 2914 4.
2361 2865 2379 2892 ‘
2403 2862 2741 2915 Euburiates'

1675 2948 1849 2990 sutem
1868 2939 2070 2991 Plinius
2102 2940 2238 2990 citra
2269 2938 2436 3004 Alpes
2457 2940 2514 2989 in
2539 2941 2744 3006 Liguris

1675 3024 1949 3069 numerat:
2005 3031 2125 3067 nain
2163 3017 2301 3083 quod
2336 3020 2353 3047 ⁸
2375 3017 2604 3083 Salyes,’
2639 3019 2742 3068 sive

1674 3093 1692 3124 ‘
1714 3092 1955 3158 Salvios‚'
1981 3093 2067 3144 bic
2087 3095 2245 3145 etiam
2267 3093 2470 3159 ailquot
2491 3095 2746 3159 exempla-

1676 3170 1758 3221 ria
1772 3177 2065 3233 recensent,
2085 3168 2329 3218 mendum
2357 3183 2478 3220 esee
2494 3170 2744 3221 credibile

1675 3252 1792 3299 est:
1826 3246 2052 3311 Salvios,
2071 3247 2210 3296 enim
2236 3246 2375 3296 bello
2391 3245 2745 3313 Allobrogico,

1675 3333 1735 3376 et
1769 3325 1964 3392 primos
2006 3333 2148 3376 trans
2186 3323 2350 3390 Alpes
2387 3339 2535 3377 urna
2559 3325 2745 3378 Rone-

1675 3417 1862 3454 norum
1883 3409 2153 3468 expertes,
2185 3406 2244 3452 ct
2278 3408 2405 3452 tue
2437 3402 2665 3467 prinu·
2695 3403 2747 3453 in

1675 3481 1934 3532 ditionem
1957 3495 1991 3531 a
2018 3480 2079 3531 0.
2100 3479 2278 3530 Sextio
2311 3480 2537 3531 Calvino
2571 3481 2746 3532 redae·

1675 3565 1779 3622 tos,
1808 3559 2011 3622 Florus,
2042 3560 2095 3619 0,
2128 3560 2180 3621 Ι,
2210 3559 2261 3606 8.
2314 3556 2534 3620 Strabo,
2571 3557 2664 3608 lib.
2696 3563 2747 3607 4.

1677 3649 1731 3702 p.
1758 3637 1872 3686 14⁰.
1896 3639 2171 3685 testantur.
2224 3631 2473 3698 Epitonia
2493 3632 2650 3696 nvn,
2665 3637 2745 3685 ⁸1.

1675 3714 1845 3778 sddit,
1871 3714 2011 3764 victe
2032 3712 2322 3764 Salviomm
2357 3719 2518 3777 gente
2539 3713 2605 3764 C.
2623 3713 2746 3764 Sex·

1675 3794 1809 3845 tium
1830 3791 2082 3843 coloniam
2113 3792 2131 3820 ‘
2155 3789 2336 3856 Aquas
2355 3787 2604 3840 Sextiu’
2634 3802 2749 3840 esn-

1676 3868 1905 3930 didisse3
1939 3867 2289 3932 triumphasse
2327 3871 2511 3917 autern
2539 3873 2746 3919 contat

1677 3945 1748 3998 de
1765 3946 1975 4008 Salviis,
1997 3959 2133 3995 anno
2152 3947 2272 3996 ⁶⁸1.
2308 3943 2451 3995 Sui.
2731 4004 2740 4014 .

1744 4024 1865 4075 Iunis
1897 4023 2101 4089 Alpinus
2122 4021 2288 4087 ⁸iugis]
2334 4020 2511 4087 Ryck.
2543 4021 2748 4087 Ligur·

1675 4102 1731 4152 in
1763 4101 1860 4151 niis
1893 4100 2094 4165 Alpium
2115 4099 2261 4162 ,iq-is
2287 4098 2614 4150 m.-
2643 4099 2742 4163 leg.

1677 4178 1886 4242 Ligures
1904 4177 2051 4227 inviis
2068 4175 2414 4241 Alpina-‚iqi-
2430 4176 2742 4236 sama,

1676 4253 1815 4322 quod
1837 4262 1895 4304 et
1933 4259 2189 4317 excerpta
2226 4251 2418 4302 veteris
2458 4251 2590 4303 eiius
2631 4252 2741 4303 iisd

1677 4331 2010 4384 confirment.
2075 4328 2226 4380 Invia
2256 4328 2392 4394 juga
2429 4325 2666 4394 Alpium,
2691 4328 2740 4377 'n
