2950 4892
625 399 688 447 ι..
734 396 987 447 summ
1041 397 1257 445 nom
1311 397 1456 445 ms.
1508 396 1590 444 ιι.
1637 396 1797 446 car„
1843 382 1949 447 11.

226 555 325 607 quos
358 539 526 589 itidem
560 540 694 590 utin
730 539 866 590 Pall.
890 554 975 604 ap.
1012 539 1167 590 Salm.
1191 541 1249 589 et

226 619 360 669 Grut.
379 617 428 667 iu
449 615 613 679 Ryek.
648 616 833 680 Dnisb.
864 617 1014 666 Fran.
1035 622 1093 666 et
1114 615 1248 666 Edd.

225 695 350 743 vett.
369 690 693 757 praeterAld.
726 692 1065 744 desideretur.
1128 691 1247 744 Jor-

224 768 471 818 dsneorum
506 767 750 819 librorum
784 768 1089 832 scripturam
1114 768 1248 818 bane

223 843 430 894 exhibuit
470 843 781 894 Vulcanius:
833 846 1014 894 colonos
1066 843 1245 907 abegit.

227 919 447 983 Olyumum
482 920 598 970 tecti
627 935 743 982 sago
773 925 822 970 et
841 921 1042 983 magaba
1070 922 1249 972 insede·

221 1003 329 1046 rant.
358 998 640 1048 Gruterus:
679 999 970 1062 colosobegit
996 1000 1248 1064 Olympum

224 1073 440 1138 Tectosagi
459 1075 686 1142 Magaboe
712 1076 996 1126 ἐκκάει-απτ.
1047 1077 1247 1126 Freins-

214 1149 351 1199 bemii
370 1150 777 1201 emendationem
809 1150 1006 1212 iaudat,
1040 1158 1096 1201 et
1116 1153 1246 1203 divi-

216 1236 314 1273 nsm
336 1232 478 1275 vocat
505 1226 557 1279 J.
578 1226 668 1276 Fr.
706 1228 998 1278 Gronovius
1033 1229 1099 1278 ad
1134 1230 1244 1282 Liv.

215 1298 246 1348 l.
281 1300 327 1350 d.
386 1301 578 1353 Eadem
611 1303 726 1368 jam
770 1311 891 1354 ante
932 1305 985 1354 in
1017 1312 1245 1357 mentem

211 1382 406 1426 venerat
430 1377 634 1442 lipsio:
686 1392 804 1429 nam
838 1379 991 1445 plane
1025 1380 1100 1432 sic
1122 1397 1245 1448 quo·

214 1465 300 1516 que
319 1450 530 1504 Auditor
563 1455 706 1506 illius
743 1456 1127 1523 emendaverat,
1148 1460 1244 1509 nisi

209 1528 329 1593 qnod
359 1543 450 1594 pro
483 1532 700 1594 Magaba
734 1541 974 1597 posuerat
1008 1535 1240 1599 Magnus.

210 1601 298 1653 Sed
314 1605 686 1671 impignoravit
709 1610 843 1659 baud
866 1609 1022 1662 dubie
1041 1613 1245 1663 Freins-

207 1677 398 1732 hemius.
468 1682 748 1748 vulgatam
770 1686 989 1751 primum
1011 1688 1076 1739 ab
1104 1687 1243 1741 Aldo

205 1757 469 1821 profectam
493 1762 740 1826 arbitror,
759 1766 848 1830 qui
883 1768 1049 1818 mults
1071 1769 1124 1819 in
1146 1769 1243 1820 boc

205 1833 433 1898 scriptore
452 1839 680 1902 pessime
696 1842 946 1906 corrupit.
981 1843 1087 1894 Cur
1108 1843 1245 1895 Tm·

202 1925 290 1960 mss
320 1914 523 1965 tertium
565 1918 811 1982 populum
835 1919 1099 1970 Gallorum
1139 1936 1242 1972 uon

203 1998 433 2039 memoret
469 1991 684 2055 Florae,
719 1993 787 2044 de
809 2009 909 2060 quo
942 1996 1027 2046 hic
1053 1996 1242 2061 quaerit

200 2062 470 2131 Salmasius,
487 2069 812 2134 probabilem
832 2071 964 2122 hauc
987 2073 1240 2123 rationem

198 2154 226 2187 e
245 2139 352 2194 Liv.
371 2156 621 2197 mvut.
661 2149 743 2196 19.
780 2146 957 2198 reddit
990 2148 1241 2214 Begerus,

198 2218 317 2279 quod
333 2219 384 2268 bi
402 2222 712 2287 conjugibus
726 2237 789 2273 ac
806 2223 983 2274 liberis
1004 2239 1088 2289 ap.
1108 2226 1240 2277 Tec-

195 2297 381 2358 tosages
400 2298 657 2362 depositis
677 2299 1004 2350 Tolistoboiis
1025 2302 1238 2351 suxilia-

198 2375 292 2418 tum
314 2372 530 2426 iverant.
599 2375 709 2425 Sed
729 2380 899 2426 tamen
916 2376 1013 2427 hoc
1037 2382 1238 2428 tantum

195 2442 463 2502 decrevisse
495 2453 756 2503 Trocmos
787 2453 918 2505 dicit
947 2454 1157 2505 Livius:
1207 2470 1238 2505 e

193 2536 282 2586 quo
302 2540 385 2577 eos
414 2543 501 2594 sp.
521 2531 845 2595 Tectosages
878 2533 1125 2583 mansisse
1166 2532 1240 2582 in-

195 2600 428 2665 telligitur
447 2622 514 2656 ex
537 2606 661 2658 eod.
677 2608 768 2658 lib.
790 2623 909 2673 cap.
929 2613 1012 2658 26.

251 2680 636 2748 Uffiwfwli·
662 2686 941 2750 scritti-*9⁸⁶
967 2686 1087 2752 σεῖ’]
1116 2687 1237 2751 Lip-

191 2753 283 2803 sius
311 2759 670 2824 conjiciebat:
720 2761 960 2825 utrumqne
982 2760 1155 2821 fundis
1191 2767 1238 2811 et

188 2830 366 2893 'sgittis
412 2836 643 2886 detracti.
706 2837 788 2886 Ex
830 2837 1098 2890 Joruaude
1143 2852 1237 2901 pro

185 2909 273 2957 aeti
305 2914 518 2976 reponit
555 2915 778 2966 detracti.
843 2915 947 2965 Sed
982 2915 1051 2965 N.
1075 2916 1237 2965 Hein-

189 2983 282 3035 sius
312 2990 570 3042 malebat:
629 2991 806 3056 Utique
827 2990 1001 3052 fandis
1019 2993 1236 3055 sagittis·

184 3075 262 3123 με
308 3067 502 3118 ducti.-
560 3075 620 3119 et
672 3068 727 3118 id
781 3083 959 3118 verum
1008 3067 1234 3118 videtur.

190 3135 337 3190 Grau.
399 3142 613 3193 Heinsii
647 3143 1000 3207 conjecturam
1025 3158 1235 3208 expres·

185 3209 248 3260 dt
265 3213 519 3279 Begerus.
589 3218 696 3268 Sed
733 3218 832 3268 acti
864 3220 1020 3269 estin
1042 3233 1092 3269 o.
1117 3234 1157 3269 s.
1180 3224 1236 3269 et

183 3303 227 3339 e.
241 3297 296 3341 et
312 3292 531 3345 defendi
549 3303 746 3362 potest.
765 3297 914 3362 virg.
932 3297 1042 3347 AEu.
1065 3310 1105 3347 ι.
1124 3300 1235 3347 190.

182 3366 334 3418 ‘Tum
354 3372 563 3436 volgus,
577 3378 634 3423 et
650 3387 851 3423 omnem
869 3372 1060 3423 Miscet
1077 3386 1235 3437 agens

183 3442 291 3495 telis
327 3460 548 3499 nemora
577 3443 715 3499 inter
747 3446 965 3498 frondea
996 3446 1234 3499 turbam!

181 3519 245 3569 Bt
261 3521 375 3574 AEn.
395 3537 477 3575 tv,
501 3528 592 3575 ⁷⁰.
627 3529 643 3555 ⁸
665 3526 832 3578 Quam
855 3526 1037 3590 procul
1062 3525 1235 3574 incau-

180 3599 278 3646 tam
296 3611 517 3651 nemora
537 3600 679 3651 inter
699 3601 877 3651 Cresia
901 3600 1018 3651 fixit
1047 3600 1235 3652 Pastor

175 3686 322 3736 ngens
344 3678 510 3729 telis?
561 3679 675 3730 Liv.
698 3685 941 3730 xxxvr‘n.
963 3685 1048 3731 46.
1071 3681 1137 3731 de
1157 3679 1237 3730 bis

174 3752 345 3813 pugnis
381 3754 494 3805 itae
551 3755 571 3784 ‘
614 3756 806 3806 Fundis
844 3758 1149 3824 sagittisque
1181 3758 1237 3809 in

171 3825 338 3894 figam
358 3833 693 3884 consternati
716 3834 868 3884 sunt!

229 3906 273 3968 §-
314 3912 350 3956 o
399 3909 644 3974 Alliensi]
694 3910 927 3973 Adligat-e
962 3925 1102 3977 soepe
1141 3927 1236 3977 pro

165 3977 384 4047 simplici
441 3985 637 4054 ligare,
685 3988 771 4037 vel
813 3987 1060 4053 obligare,
1114 3989 1238 4054 poni

127 4071 132 4076 ·
165 4059 398 4111 ostendit
419 4062 599 4113 Gron.
620 4063 684 4114 ad
707 4064 818 4115 Liv.
852 4077 905 4114 V.
928 4069 1010 4115 27.
1034 4079 1134 4116 vu.
1154 4069 1236 4118 24.

167 4140 222 4183 st
239 4135 305 4184 sd
326 4137 457 4188 Seu.
483 4138 594 4202 Ep.
625 4152 772 4192 xcxv.
797 4141 1000 4192 Colum.
1022 4156 1061 4193 1.
1082 4142 1150 4192 de
1169 4143 1236 4194 R.

167 4208 227 4260 R.
266 4216 315 4261 8.
345 4214 365 4241 ‘
389 4213 545 4265 Num
590 4213 784 4268 villicus
820 4225 910 4268 sut
942 4218 1235 4283 alligaverit

2251 382 2382 449 725

1323 538 1619 604 qnempiam
1640 538 1847 589 domino
1869 539 2149 603 nesciente,
2182 546 2274 591 aut
2303 554 2383 592 re·

1322 615 1581 665 vinxerit-⁹

1388 693 1626 743 Mine-210
1643 695 1840 758 quodam
1849 693 2012 758 sum]
2035 692 2380 745 admirationi

1322 768 1556 834 fuerunt,
1577 770 1777 822 Schult.
1814 771 1878 822 ad
1899 773 2020 821 Seu.
2044 772 2291 821 Controv.
2312 784 2378 822 ιι.
2458 814 2463 819 .

1323 846 1412 911 qui
1440 852 1593 912 putat
1612 847 1891 911 permutari
1917 862 2087 910 casus,
2104 854 2164 898 ut
2189 860 2228 897 ι.
2255 852 2304 897 1.
2325 851 2376 898 7.

1320 923 1338 951 ‘
1362 924 1598 974 Assuetoe
1633 924 1881 988 sanguiue
1917 930 1971 975 et
2005 924 2185 989 praeds
2221 923 2381 975 aves-³

1320 997 1514 1048 Tollius
1546 998 1918 1062 adscripscrat:
1956 999 2098 1063 Lege
2130 999 2381 1063 quondam,

1322 1076 1405 1126 vel
1425 1075 1629 1139 quidem,
1648 1076 1729 1125 vel
1748 1075 2089 1139 quodammodo.
2136 1072 2238 1124 Sed
2257 1074 2380 1124 San.

1322 1152 1437 1203 Cat.
1482 1166 1544 1201 ιι.
1589 1153 1606 1180 ‘
1643 1152 1815 1216 aliquo
1869 1151 2077 1215 negotio
2111 1149 2379 1212 intentus}

1321 1242 1435 1293 pro,
1480 1228 1651 1278 alicui.
1722 1228 1882 1292 Lipsii
1930 1228 2135 1278 auditor
2168 1228 2377 1292 quidum.

1319 1304 1576 1369 Apertum
1616 1310 1696 1354 est
1727 1318 1821 1353 cur
1853 1303 2284 1365 existimaverint,
2303 1302 2407 1351 vi-·

1319 1381 1507 1432 tiosum
1530 1367 1642 1430 esse
1666 1382 1879 1444 quodam.
1926 1378 2182 1429 vavassor
2202 1385 2379 1428 tamen

1318 1458 1385 1508 de
1407 1457 1475 1507 Vi
1500 1463 1555 1508 et
1583 1457 1692 1507 Usu
1714 1454 1982 1521 quorumd.
2015 1455 2236 1505 Vei-bor.
2271 1455 2377 1504 duo

1320 1534 1563 1586 observat
1611 1534 1727 1583 loca
1775 1531 2058 1594 Ciceronis,
2102 1531 2155 1581 in
2189 1530 2375 1597 quibus

1317 1611 1477 1662 verbo
1514 1610 1839 1661 substantivo
1869 1610 1965 1661 hoc
1997 1608 2153 1660 modo
2201 1606 2377 1673 posito

1316 1687 1570 1738 ablativus
1599 1686 1928 1752 adjungitur3
1962 1701 2010 1736 v.
2032 1687 2133 1749 Ep.
2167 1684 2232 1735 ad
2257 1684 2373 1735 Ait.

1317 1770 1365 1816 1.
1397 1766 1412 1792 ⁸
1437 1763 1608 1813 Multa
1644 1770 1920 1827 praetereo,
1955 1776 2069 1827 quas
2101 1768 2211 1812 tum
2251 1758 2376 1810 mibi

1314 1841 1514 1905 maJore
1535 1841 1821 1905 stomacho,
1843 1854 1995 1905 quam
2035 1840 2135 1905 ipsi
2159 1837 2375 1899 Quinto,

1313 1917 1576 1970 fuerunt?
1627 1925 1683 1970 et
1724 1932 1779 1968 x.
1821 1918 1884 1968 ad
1930 1917 2047 1969 Att.
2091 1918 2186 1967 ult.
2239 1915 2374 1966 ‘Me

1311 1994 1530 2048 mirifice
1559 1994 1957 2060 tranquillitates
1996 1993 2162 2044 adbuc
2197 2000 2377 2043 tenue·

1313 2081 1450 2136 runt,
1472 2080 1631 2138 atque
1653 2072 1849 2137 majore
1873 2071 2241 2137 impedimento
2264 2067 2375 2119 fue-

1312 2157 1451 2209 runt,
1488 2163 1641 2213 quam
1681 2148 1951 2211 custodias,
1985 2147 2173 2212 quibus
2203 2144 2376 2196 adser-

1312 2224 1437 2279 vor!
1499 2226 1569 2276 Et
1588 2225 1738 2275 sicin
1760 2223 2135 2284 Manutii,Car.
2157 2222 2375 2285 Stepha-

1310 2303 1381 2365 ni,
1402 2311 1458 2353 et
1482 2301 1712 2352 Plautini
1732 2300 1869 2351 Edd.
1894 2307 2113 2366 utroque
2133 2301 2246 2349 lo‘co
2268 2298 2373 2364 legi

1310 2381 1458 2432 dicit.
1542 2381 1645 2430 Sed
1696 2379 1988 2443 Malaspiua
2030 2377 2094 2428 ad
2146 2378 2373 2441 priorem

1311 2459 1481 2509 locum
1502 2457 1716 2508 adnotat
1732 2456 1786 2505 in
1812 2455 2073 2505 veteribus
2094 2453 2241 2503 libris
2261 2465 2376 2502 esse

1312 2534 1518 2596 moi-1⁸3
1571 2533 1730 2597 idque
1772 2531 1931 2581 etiam
1976 2529 2050 2580 ibi
2092 2529 2374 2591 Gruterus,

1313 2615 1493 2665 Graev.
1530 2618 1586 2663 et
1632 2612 1794 2663 Gron.
1833 2619 1889 2661 at
1928 2607 2216 2674 posteriore
2256 2607 2373 2656 loco

1311 2690 1508 2751 maiore,
1541 2687 1835 2738 ediderunt.
1914 2685 1969 2735 Si
2003 2684 2086 2733 vel
2119 2697 2221 2733 nno
2253 2683 2371 2732 loco
2427 2681 2435 2690 '

1310 2767 1387 2817 ita
1410 2773 1556 2816 recte
1577 2764 1826 2826 scriptum
1848 2769 1950 2824 est,
1973 2761 2134 2811 etiam
2164 2759 2247 2809 iric
2265 2774 2373 2823 quo·

1310 2846 1419 2894 dem
1451 2839 1581 2890 ferri
1620 2838 1798 2889 debet.
1862 2838 2063 2886 Tamen
2083 2834 2243 2899 magis
2266 2834 2375 2898 pla·

1310 2928 1399 2972 cet
1420 2920 1724 2985 conjectura
1745 2916 1937 2981 Lipsii3
1975 2920 2033 2966 ut
2054 2928 2157 2964 uon
2176 2911 2242 2963 de
2265 2926 2373 2963 om·

1310 2997 1459 3047 uibus
1498 2995 1551 3044 in
1589 2994 1904 3053 universnm,
1941 2990 2034 3041 sed
2069 2988 2136 3039 de
2165 2988 2370 3055 quibus-

1310 3071 1428 3123 dam
1454 3069 1792 3122 ferocioribus
1814 3068 1914 3117 boc
1937 3065 2079 3117 dicat
2099 3065 2304 3117 Florus.

1378 3151 1749 3207 Quum-catenas
1767 3144 1993 3194 morsibus
2026 3149 2075 3194 et
2096 3158 2177 3193 ore
2193 3146 2370 3191 tentas·

1307 3225 1434 3290 sent]
1486 3226 1574 3275 De
1619 3222 1834 3273 feritate
1872 3220 2160 3282 Gallorum,
2200 3219 2368 3282 plenas

1308 3314 1485 3351 omnes
1523 3299 1768 3359 historiae,
1809 3311 1926 3362 quoe
1974 3309 2059 3345 res
2118 3294 2368 3357 originem

1309 3377 1457 3428 dedit
1491 3374 1794 3441 proverbio,
1815 3387 1917 3438 quo
1955 3370 2269 3422 Plutarchus
2303 3367 2371 3417 de

1306 3452 1533 3505 Stoi'cor.
1572 3453 1808 3516 Repugn-
1840 3464 1956 3514 cap.
1979 3453 2063 3500 52.
2092 3447 2277 3508 utitur,
2312 3452 2372 3495 ut

1305 3532 1322 3560 ‘
1346 3530 1493 3582 facta
1514 3529 1779 3580 Galatica’
1812 3526 2054 3578 dicantur
2089 3539 2184 3589 pro
2215 3523 2369 3573 saevis

1308 3615 1364 3658 et
1385 3605 1636 3658 barbaris.
1672 3604 1889 3655 Freinsb.
1921 3604 1938 3632 ‘
1960 3602 2181 3652 catenas
2197 3612 2369 3649 morsu

1308 3682 1542 3735 tentare'
1563 3695 1742 3732 rursus
1780 3677 1868 3730 inf.
1903 3692 1979 3728 ιν.
2016 3681 2094 3727 12.
2119 3680 2197 3726 17.
2219 3675 2365 3737 Virg.

1308 3774 1375 3811 ιι.
1396 3760 1465 3811 G.
1488 3763 1615 3809 2⁴⁷«
1636 3758 1652 3785 ‘
1668 3758 1740 3807 Et
1761 3769 1851 3804 ora
1864 3753 2059 3803 Tristia
2075 3757 2370 3801 tentantum

1309 3851 1464 3888 sensu
1489 3831 1752 3899 torquebit
1769 3831 2006 3880 amaror!
2056 3824 2266 3876 Pboedr.
2286 3838 2368 3874 tv.

1310 3913 1440 3964 Feb.
1464 3916 1515 3962 7.
1546 3911 1562 3939 ‘
1588 3909 1721 3959 Haec
1743 3920 1897 3972 quum
1935 3909 2182 3965 tentaret,
2203 3901 2247 3952 si
2268 3917 2370 3968 qua

1309 4003 1394 4040 res
1416 3990 1557 4037 esset
1577 3984 1700 4045 cibi,
1723 3982 1918 4031 Limam
1941 3976 2257 4029 momordit.’

1377 4058 1686 4127 offocandas]
1719 4057 1886 4122 Ryck.
1926 4055 2138 4121 antiqua
2169 4053 2369 4105 ratione

1307 4138 1573 4191 scribendi
1593 4134 1888 4197 obfomdas.
1918 4132 2035 4183 Pal.
2074 4136 2120 4182 l.
2142 4131 2292 4181 Voss.
2317 4134 2366 4179 8·

1308 4223 1364 4269 et
1387 4215 1485 4274 Ed.
1509 4213 1664 4268 Parv.
1687 4208 1965 4278 qff'ocundas.
1998 4207 2118 4261 Hoc
2139 4206 2366 4260 fortassis
