2950 4892
595 405 659 454 1..
704 400 961 455 Anum
1010 400 1230 455 enom
1279 370 2341 457 ms.1v.csr.lo.1055

186 562 302 601 m
317 545 394 599 siti
410 548 558 612 regio,
577 553 679 598 tan
708 547 980 612 quibusdum
999 547 1214 598 selinad-

185 626 257 677 dis
282 626 438 690 flaviis
475 624 726 685 infestior.-
777 622 1046 688 πουὶεεὲιιιε,
1074 636 1215 689 quun

170 702 274 763 jan
291 702 343 751 ab
368 702 588 752 innulidis
619 706 667 752 et
696 701 832 751 avide
862 701 1214 766 hauriebantur,

180 776 797 839 mioediassdulcesfaere.
820 777 1052 828 Freinsb.
1094 776 1215 827 Τιαιι

178 855 433 918 quibusdan
464 854 745 906 Sabmidis
760 854 945 919 flavias
973 852 1211 919 infestior]

179 933 266 982 Sic
282 940 332 982 et
348 933 510 998 Ryck.
575 932 679 983 Sed
698 933 901 997 legend.
918 948 1036 983 cum
1055 933 1210 984 Salm.

175 1009 433 1073 quibusdan
466 1009 738 1059 manucidis
757 1010 945 1074 flavius
974 1008 1212 1070 disertior.

173 1085 461 1137 Salinscidis
501 1086 704 1137 scilicet
734 1086 897 1150 aquis,
919 1102 1032 1153 quae
1064 1088 1212 1137 salsae

173 1171 317 1215 erant
352 1169 406 1213 et
442 1162 627 1213 acidoe.
689 1162 980 1213 Salinacids
1016 1162 1214 1213 Latinis

172 1240 406 1291 dicuutur
425 1254 541 1306 quae
563 1238 763 1291 Graecis
787 1238 1028 1289 dicuntur
1052 1238 1215 1303 ὀξαλυ-

169 1317 270 1379 καὶ,
295 1316 550 1381 ὂξωψνραί.
618 1316 829 1379 Legitur
870 1312 983 1365 haec
1019 1330 1120 1367 vox
1159 1321 1215 1366 et

168 1409 259 1460 ap.
280 1394 409 1444 Plln.
427 1401 531 1445 tam
551 1394 920 1456 Veronensem,
943 1408 1093 1458 quam
1113 1394 1215 1443 Va„

166 1476 535 1538 lerianum‚uec
551 1487 651 1523 nou
667 1472 1045 1537 Gariopoutnm
1063 1472 1214 1521 alios·

166 1565 294 1615 qne:
325 1550 389 1599 de
415 1564 478 1600 ea
501 1548 604 1598 vid.
626 1547 782 1599 Viros
809 1560 1038 1611 magnos,
1053 1547 1211 1598 Salm-

163 1626 219 1675 in
252 1626 432 1676 Exerc.
468 1624 736 1688 Plinianis,
782 1631 840 1675 et
884 1622 1089 1675 Reines.
1128 1636 1212 1675 ιιι.

158 1704 298 1753 Var.
322 1703 465 1753 Lect.
490 1717 538 1753 c.
559 1706 612 1754 4.
672 1702 835 1752 Groev.

229 1778 331 1842 §.9
365 1779 486 1828 Cam
519 1778 676 1828 noxia
705 1778 850 1828 etiam
882 1777 1211 1846 daleisfieret]

160 1854 273 1905 Hic
301 1854 451 1906 etiam
480 1861 802 1905 correctores
834 1856 1053 1919 grassati
1075 1865 1211 1909 sunt.

158 1932 299 1982 Nam
320 1936 375 1981 et
395 1930 622 1981 triviales
655 1932 968 1982 littei-ionum
993 1946 1213 1985 canones

155 2007 411 2058 dictitant
450 2006 659 2057 dicend.
699 2006 878 2071 fuisse,
917 2023 1020 2057 οιιηι
1056 2008 1214 2058 noxia

153 2084 307 2135 eri-n·
323 2082 677 2149 dulces-flerent.
741 2083 909 2148 Ryck.
940 2099 1043 2133 οιιιιι
1061 2086 1214 2136 nuxi-

154 2176 235 2211 ωε
254 2174 429 2225 qaoque
446 2160 738 2222 dalcesfere.
779 2162 1047 2214 Sedtotus
1070 2165 1213 2216 locus

156 2253 227 2287 ex
249 2238 383 2288 iliius
420 2239 534 2288 cod.
559 2238 788 2302 vestigiis
809 2238 885 2288 sic
917 2245 998 2289 est
1033 2241 1215 2290 rescri-

158 2313 358 2365 bendus
379 2330 394 2365 2
424 2314 683 2377 unissime,
704 2315 814 2379 quia
834 2314 893 2363 ab
914 2315 1136 2365 invalidis
1166 2322 1214 2367 et

154 2390 294 2441 aeide
310 2391 664 2456 audiebantur,
693 2392 851 2442 noxia
870 2408 1044 2459 quoque
1064 2395 1218 2444 dulces

138 2466 322 2527 saer-e.-
380 2474 438 2517 et
479 2468 553 2518 sic
598 2467 711 2519 fere
762 2469 993 2521 Freinsb.
1051 2470 1214 2523 Groev.

152 2542 312 2594 Salui.
332 2542 401 2593 ad
423 2543 584 2594 Soliu.
609 2558 660 2608 p.
681 2548 760 2595 81.
801 2545 970 2595 locum
993 2545 1067 2596 ita
1084 2547 1215 2611 legit

152 2635 216 2670 ac
272 2620 578 2685 distinguit:
644 2620 830 2682 Infesta
874 2624 1079 2687 pri-num
1128 2625 1216 2675 siti

148 2699 704 2763 regio,me
717 2700 1014 2750 sniiaucidir:
1032 2701 1218 2766 flavius

141 2773 377 2837 infestior
395 2775 662 2837 aovisdmae,
678 2776 761 2840 qai
777 2775 884 2837 jam
915 2777 975 2827 ab
992 2777 1216 2829 invalidis

135 2857 193 2902 et
214 2851 365 2902 auide
379 2850 697 2903 λου-ἰώπων.
764 2852 993 2905 Gronov.
1009 2850 1074 2905 a‘d
1096 2857 1215 2909 Seu.

133 2941 233 2979 ιιι.
292 2927 428 2977 Nat.
469 2927 537 2980 Q.
572 2931 625 2979 2.
678 2928 867 2990 Infesta
892 2930 1099 2993 primam
1128 2932 1216 2983 siti

130 3003 315 3066 regio:
348 3008 451 3053 lm
465 3003 733 3068 quibudam
755 3006 1216 3071 sniinucidisfluvius

130 3077 403 3140 infestior.-
434 3079 678 3130 unissime
693 3082 905 3146 quaejam
922 3083 1216 3134 abiamlidis

128 3163 185 3209 et
246 3157 397 3206 aviae
449 3157 802 3222 hauriebantur,
854 3159 1013 3209 noxie
1068 3161 1214 3212 etium

127 3236 312 3284 antaee
324 3232 490 3295 saere-
554 3234 625 3283 Et
659 3235 733 3285 sic
763 3235 928 3285 edidit
961 3236 1214 3300 Graevius‚

126 3310 241 3360 nisi
266 3308 416 3375 qnod
441 3323 534 3374 pro
565 3326 668 3375 qna·
685 3312 811 3373 ἄση,
843 3312 1054 3376 scripsit
1085 3314 1214 3379 quia,

123 3384 465 3445 sublatojam
487 3399 552 3433 ex
568 3387 879 3436 auctoritate
901 3386 1212 3452 Cod.Ryck.

121 3458 394 3512 Praefero
409 3460 790 3512 distinctionem
805 3462 1080 3513 Gronovii:
1096 3478 1212 3515 uam

120 3539 141 3567 4
165 3536 499 3588 novissime'
520 3537 701 3588 melius
719 3539 977 3589 retinetur
998 3539 1051 3589 in
1075 3541 1214 3605 prin·

118 3613 283 3679 cipio
307 3612 460 3663 tertii
492 3613 742 3677 membri3
774 3619 834 3663 ut
863 3613 977 3665 fere
1006 3614 1213 3683 ubique,

116 3704 301 3757 quum
328 3689 386 3739 in
411 3690 645 3754 pluribus
674 3690 828 3741 rebus
856 3693 1212 3743 enumerandis

112 3768 212 3818 his
238 3767 474 3833 aliisque
493 3768 757 3833 particulis
779 3768 977 3819 ordinis
998 3777 1214 3822 utuntur

110 3846 452 3911 Scriptores
496 3845 684 3896 Latini.
763 3846 1007 3897 Ceterum
1055 3863 1212 3914 quum

108 3922 215 3972 hic
238 3921 408 3984 mira,
424 3928 478 3971 et
502 3927 697 3988 quauta
717 3936 966 3988 nusquam
986 3924 1126 3988 alibi,
1142 3926 1213 3975 sit

110 3998 383 4047 varietas
419 3997 713 4062 scripturae,
750 3998 873 4048 mihi
907 4000 1070 4051 visum
1113 4000 1213 4052 fuit

108 4087 251 4124 enm
270 4087 498 4123 ornnem
521 4088 833 4138 proponere,
860 4082 920 4124 ut
939 4075 1051 4126 Viri
1069 4076 1212 4127 docti

109 4157 179 4200 et
207 4149 379 4200 acuti
394 4149 748 4213 considerent,
763 4164 828 4200 an
846 4150 986 4201 locus
1009 4152 1212 4216 melius,

106 4240 299 4290 qnam
351 4224 524 4275 adhuc
567 4224 764 4276 factum
804 4224 925 4292 fuit,
964 4229 1214 4280 constitui

104 4302 333 4367 possit.
420 4300 525 4371 [At
564 4315 628 4353 ea
663 4300 825 4353 omnis
856 4303 911 4353 in
954 4304 1070 4354 VV.
1113 4305 1217 4355 LI..

1282 545 1558 614 (nisiqnod
1577 561 1672 612 pro
1694 546 1711 577 4
1731 546 2030 614 daleisfleret
2047 549 2177 600 Mss.
2191 547 2342 600 Pau!

1285 626 1417 676 male
1440 624 1962 689 exhibent,Fiscbero
1980 624 2135 688 duce,
2157 628 2342 677 ‘dulces

1273 704 1323 764 s.
1337 704 1467 753 Mss.
1489 703 1552 753 P.
1555 700 1722 768 )t·b1,
1736 704 1945 767 Lector,
1955 704 2343 770 jamproposrta

1285 786 1381 831 est.
1444 779 1532 831 Ad
1565 794 1709 847 seqq.
1740 795 1863 845 ergo
1886 779 2339 847 properemus.]....

1288 855 1375 907 Al.
1414 855 1536 909 edd.
1575 863 1703 906 vett.
1733 857 1889 907 dulces
1903 856 2063 923 fuere,
2101 865 2229 924 quas
2261 873 2342 909 se·

1288 939 1463 997 quntae
1503 938 1625 983 sunt
1658 932 1999 985 Marnefliana
2028 941 2084 985 et
2116 935 2344 985 Plautiu.

1286 1005 1526 1071 vinetus,
1538 1009 1692 1060 Grut.
1705 1016 1760 1059 et
1776 1010 2004 1062 Freinsb.
2020 1025 2084 1061 ex
2101 1011 2339 1076 quibusd.

1287 1085 1414 1136 Μαι.
1437 1093 1494 1136 et
1516 1086 1599 1137 ed.
1621 1085 1789 1150 prima
1806 1096 2114 1141 revocarunt
2133 1102 2236 1137 cam
2259 1102 2341 1137 no·

1285 1162 1384 1212 oeiae
1412 1162 1556 1213 ειίαηι
1587 1164 1737 1213 dulcis
1741 1164 1908 1229 fleret.
1971 1163 2033 1214 In
2073 1170 2219 1215 tanta
2240 1161 2344 1213 dis·

1288 1242 1556 1305 crepantia
1587 1241 1823 1291 lectionis
1857 1241 2068 1306 scriptae
2098 1247 2153 1291 et
2183 1238 2341 1290 editas

1288 1323 1455 1367 totum
1493 1320 1664 1368 locum
1704 1333 1768 1367 ex
1808 1318 1909 1368 Ed.
1936 1318 2134 1369 Groevii
2166 1316 2341 1383 expri-

1287 1392 1528 1444 mendum
1562 1395 1773 1458 putavi3
1806 1408 1837 1444 a
1868 1409 1969 1460 qna
1989 1394 2100 1460 jam
2135 1403 2256 1446 ante
2287 1395 2341 1444 iu

1287 1470 1384 1521 hoc
1405 1471 1516 1521 solo
1535 1469 1876 1521 discesserant
1903 1471 2342 1522 Amstelodamen·

1287 1562 1390 1610 ses,
1415 1545 1551 1614 quod
1595 1555 1717 1597 ante
1750 1547 1910 1596 verba
1939 1547 1956 1574 4
1980 1547 2044 1597 ab
2065 1547 2305 1597 invalidis
2322 1546 2340 1571 ’

1288 1623 1626 1674 restituerant
1652 1623 1775 1685 jum.
1866 1623 1983 1674 Ram
2024 1630 2145 1674 ante
2189 1625 2206 1654 ‘
2231 1623 2342 1690 qui-

1224 1740 1231 1748 ,
1287 1700 1535 1751 busdam’
1570 1708 1650 1751 est
1682 1702 1736 1751 in
1761 1700 2018 1765 plerisque
2038 1700 2262 1764 scriptis,
2285 1707 2341 1751 et

1285 1791 1405 1829 usus
1439 1777 1685 1829 sermonis
1717 1776 1889 1827 Latini
1917 1776 2075 1840 jubet
2107 1776 2211 1828 dici
2241 1778 2342 1841 pri·

1284 1868 1431 1917 mam,
1453 1858 1555 1904 tan
1579 1856 1705 1919 [non
1728 1851 1858 1917 σιιηι]
1883 1853 2152 1904 nwissime.
2216 1853 2339 1903 Suli-

1284 1931 1466 1982 παι-ἰαῦ
1485 1931 1682 1981 habent
1704 1930 1900 1996 aliquot
1929 1930 2077 1994 Μαι,
2109 1936 2167 1981 et
2197 1945 2344 1996 aper-

1286 2013 1397 2057 tum
1440 2016 1521 2058 est
1561 2020 1628 2057 ex
1673 2021 1737 2058 eo
1774 2004 2020 2058 facillima
2054 2008 2343 2060 mutatione

1286 2084 1553 2135 literarum
1583 2085 1638 2134 is
1669 2084 1721 2135 in
1753 2099 1803 2135 ιιι
1833 2083 2026 2136 factum
2059 2084 2216 2136 fuisse
2235 2086 2342 2136 Sal-

1284 2161 1498 2213 macidis.
1595 2161 1659 2211 Iu
1713 2175 1840 2213 voce
1881 2161 2064 2226 flavius
2112 2163 2341 2213 nonnihil

1285 2237 1487 2288 baereo:
1541 2252 1660 2289 nam
1692 2237 1832 2303 qnod
1869 2237 2053 2289 fluvius
2086 2239 2103 2268 ‘
2134 2239 2342 2305 quibus·

1286 2312 1428 2362 dam'
1454 2314 1747 2365 salinacidis
1778 2315 1922 2380 aquis
1943 2314 2161 2365 infestus
2184 2313 2341 2365 fuisse

1285 2388 1498 2451 dicitur,
1528 2390 1580 2439 id
1618 2404 1720 2441 non
1752 2391 1906 2441 aliter
1940 2391 2109 2453 accipi
2144 2398 2340 2457 potest,

1285 2479 1439 2530 quam
1456 2466 1693 2517 eumdem
1713 2465 1925 2517 fluvium
1949 2467 2136 2531 partim
2159 2467 2342 2516 salina·

1285 2542 1447 2606 cidas,
1499 2543 1680 2607 partim
1724 2542 1924 2606 dulces,
1964 2543 2046 2592 vel
2082 2557 2182 2592 uno
2227 2543 2340 2592 loco

1286 2619 1609 2683 salinacidas,
1629 2619 1729 2669 alio
1761 2618 1938 2670 dulces
1962 2633 2121 2684 aquas
2143 2617 2339 2670 habuis·

1286 2708 1359 2745 se.
1425 2694 1532 2745 Sed
1559 2709 1712 2760 quum
1746 2695 1846 2745 boc
1880 2709 2059 2760 parum
2090 2695 2340 2745 credibile

1284 2770 1371 2835 sit,
1389 2784 1492 2821 non
1532 2769 1809 2821 difficulter
1839 2772 1962 2822 mibi
2000 2770 2343 2836 persuaderet

1283 2847 1476 2899 Tollius
1519 2862 1696 2899 vocem
1715 2848 1901 2914 flavias
1937 2863 1975 2921 ⁸.
2007 2849 2175 2913 glossa
2209 2862 2340 2911 esse,

1283 2923 1419 2989 quod
1443 2925 1496 2974 in
1528 2925 1811 2989 exemplari
1842 2940 1934 2976 suo
1967 2926 2265 2990 scripserat,
2297 2925 2338 2976 si

1284 3013 1349 3049 ea
1367 3000 1451 3050 vel
1483 3000 1536 3051 in
1565 3014 1688 3064 nno,
1704 3001 1814 3052 sive
1832 3002 2047 3069 scripto,
2069 3004 2178 3053 sive
2199 3002 2341 3053 edito

1284 3075 1418 3127 libro
1472 3076 1871 3129 desideraretur.
1965 3078 2150 3145 Neque
2203 3080 2340 3130 enim

1284 3152 1492 3204 omnino
1530 3153 1872 3218 improbabile
1914 3162 2070 3220 esset,
2111 3171 2264 3223 quum
2308 3172 2340 3204 e

1282 3229 1555 3280 salinucidis
1597 3230 1796 3282 factum
1837 3231 2023 3283 fuisset
2057 3233 2342 3299 madia,

1284 3307 1603 3374 magistrum,
1617 3309 1707 3373 qui
1725 3307 1828 3359 Ov.
1849 3323 1926 3360 iv.
1946 3309 2024 3361 M.
2038 3313 2222 3360 28⁵.et
2237 3322 2340 3361 xv.

1284 3385 1398 3433 819.
1450 3385 1663 3449 legerat,
1705 3383 1758 3434 in
1802 3383 2032 3449 margine
2071 3384 2340 3447 scripsisse

1268 3461 1471 3527 flavius,
1490 3477 1601 3528 pro,
1628 3462 1759 3514 fons.
1821 3463 2036 3529 Verum,
2055 3476 2210 3528 quum
2234 3477 2341 3512 om·

1284 3551 1377 3588 nes
1410 3538 1531 3588 libri
1561 3538 1692 3590 banc
1725 3554 1903 3591 vocem
1936 3538 2179 3602 babeant,
2210 3547 2339 3603 puto

1288 3627 1463 3664 verum
1486 3628 1601 3664 esse
1608 3615 1798 3681 flaviis,
1814 3616 1952 3680 quod
1971 3617 2023 3666 in
2047 3615 2210 3679 Magi.
2239 3621 2340 3676 est,

1286 3694 1340 3739 et
1365 3691 1748 3742 Freinshemius
1783 3694 2118 3756 conjeceratg
2163 3693 2216 3740 in
2236 3706 2340 3755 qua

1286 3766 1545 3830 scriptura
1595 3781 1693 3817 vox
1737 3766 1956 3827 infestior
2001 3765 2230 3816 refertur
2272 3766 2339 3815 ad

1282 3841 1302 3871 ‘
1318 3842 1497 3907 regio,'
1512 3856 1658 3908 aeque
1675 3857 1738 3892 ac
1753 3841 2057 3906 praecedens
2071 3844 2087 3870 4
2105 3840 2340 3892 Infesta!

1286 3918 1402 3969 Nec
1424 3920 1639 3969 multum
1656 3919 1847 3982 obstat,
1868 3917 2004 3985 qnod
2026 3919 2339 3971 Plutarchus

1258 3992 1261 3993 ⁷
1286 4002 1487 4046 tantum
1505 4010 1660 4046 unum
1676 3993 1887 4046 fluvium
1905 4005 2187 4047 memorat:
2220 4011 2340 4048 nam

1286 4072 1374 4122 alii
1388 4072 1618 4123 fortassis
1631 4073 1805 4137 plures
1822 4071 1979 4124 fuisse
1996 4073 2339 4138 tradiderunt,

1285 4150 1369 4200 vel
1410 4150 1595 4200 Florus
1639 4163 1746 4200 rem
1787 4150 1840 4199 in
1873 4150 2060 4214 majus,
2091 4159 2151 4202 nt
2184 4152 2339 4215 solet,

1287 4226 1451 4278 anxit.
1538 4226 1624 4278 Ad
1667 4227 1913 4278 unissime
1942 4229 2073 4293 quia,
2109 4228 2247 4294 quod
2282 4230 2337 4277 iu

1287 4305 1395 4356 solo
1427 4306 1599 4370 Ryck.
1633 4313 1735 4371 est,
1768 4306 2000 4370 proxime
2023 4304 2225 4359 accedit
2257 4321 2337 4354 so·
