2950 4892
509 368 642 436 658

509 532 661 582 Voss.
696 534 747 582 2.
785 544 1002 582 morou.
1066 530 1222 581 Hanc
1256 528 1573 582 sententiam

510 615 633 672 post
673 606 974 657 salmasium
1017 608 1175 659 etiarn
1227 607 1467 658 Graevius
1520 606 1576 656 in

509 679 671 734 Prot:
709 684 1135 748 reprehenderat.
1196 683 1303 734 Sed
1339 682 1426 734 hic
1448 696 1573 747 quo-

510 775 631 825 que,
652 769 714 813 ut
732 763 1163 813 consuetudinem
1184 776 1327 812 suum
1348 761 1400 811 iu
1426 767 1573 811 tuen-

508 836 577 886 do
599 839 888 901 patrocinio
908 846 1104 900 servet,
1140 852 1236 902 pro
1276 838 1427 887 Floro
1448 851 1573 887 cau-

506 929 614 965 sum
639 915 770 966 dicit
789 916 1056 980 Begerus;
1087 915 1181 968 sed,
1212 915 1384 980 paullo
1406 913 1573 963 minus

507 990 723 1055 diserte,
746 1006 897 1058 quam
918 990 1120 1043 solebat
1140 992 1206 1054 is,
1236 990 1303 1040 ud
1327 1003 1480 1055 quem
1501 989 1574 1054 id,

509 1068 649 1133 quod
686 1065 850 1132 posui,
882 1067 1066 1119 scribit
1084 1068 1342 1118 Vatinius.
1408 1065 1574 1117 Nimi-

509 1157 622 1192 rum
659 1143 808 1205 dicit,
849 1144 894 1194 si
930 1143 1044 1207 quis
1085 1143 1229 1194 dicut
1268 1141 1573 1207 ‘ingentem

505 1216 665 1269 fuisse
689 1228 846 1270 terrm
869 1218 1099 1283 motum‚'
1133 1219 1435 1284 responderi
1455 1234 1573 1285 pos·

505 1309 583 1358 se,
606 1296 765 1346 etium
798 1296 1095 1360 ‘ingentem
1124 1294 1287 1347 fuisse
1321 1309 1572 1360 equorum

508 1372 843 1438 virorumque
906 1373 961 1423 in
1027 1373 1210 1437 proelio
1264 1372 1573 1435 discursum,

504 1448 728 1515 ideoque
770 1449 869 1501 etsi
903 1451 1042 1502 ultro
1074 1449 1230 1501 fidem
1270 1446 1465 1512 forsan,
1498 1455 1573 1500 ta-

502 1538 622 1575 men
642 1538 745 1575 non
782 1525 922 1577 ultra
942 1525 1147 1576 modum
1169 1537 1287 1576 esse
1317 1524 1573 1589 hyperbo-

505 1601 592 1652 len
636 1601 812 1653 Flori.’
876 1600 995 1652 Hoc
1044 1601 1203 1651 nihilo
1246 1600 1429 1651 melius
1474 1606 1574 1662 est,

506 1689 661 1742 quum
704 1678 758 1728 id
814 1679 953 1744 qnod
997 1677 1128 1727 dicit
1166 1676 1371 1726 Florus.
1450 1676 1571 1727 Non

504 1753 771 1817 queritur,
825 1768 979 1819 quum
1033 1767 1249 1817 mugnus
1305 1752 1571 1803 discursus

503 1830 863 1892 pugnantium,
885 1835 976 1880 aut
998 1843 1149 1895 quarn
1182 1829 1351 1894 gravis
1375 1835 1571 1880 tremor

505 1910 659 1954 terrm
713 1904 893 1967 fuerit,
942 1905 1032 1956 sed
1079 1920 1145 1955 an
1198 1905 1288 1955 illo
1333 1905 1570 1957 discursu

503 1995 751 2046 equorum
790 1983 1135 2048 virorumque,
1189 1989 1246 2033 et
1300 1984 1570 2034 vehemen-

503 2059 638 2110 tiore
655 2065 799 2110 motu
813 2075 1088 2124 armorum,
1104 2069 1209 2110 tsm
1221 2060 1394 2125 gravis
1413 2069 1568 2111 terrm

404 2155 417 2164 ⁸
501 2144 690 2193 motus,
721 2136 925 2201 qualem
962 2138 1098 2187 hunc
1131 2136 1294 2188 fuisse
1331 2136 1569 2188 scribunt

500 2210 700 2276 Livius,
735 2218 792 2262 et
813 2213 1000 2264 Cicero
1025 2227 1066 2263 1.
1087 2212 1153 2262 de
1175 2212 1351 2262 Divin.
1373 2216 1455 2264 8⁶.
1479 2226 1567 2263 ex-

500 2287 654 2339 citari
699 2290 959 2353 potnerit;
1006 2289 1142 2355 quod
1187 2288 1272 2339 vel
1313 2289 1567 2354 suspicari

500 2379 627 2416 vere
648 2382 851 2418 omnem
880 2368 1154 2418 stultitiam
1189 2375 1493 2432 exsuperat,
1511 2374 1568 2418 et

499 2456 531 2492 a
552 2443 811 2494 communi
831 2458 987 2494 sensu
1008 2444 1230 2495 alienum
1251 2451 1347 2496 est.
1380 2444 1566 2495 Poiitm

499 2516 707 2583 quidem
729 2526 837 2570 tatu
866 2520 1062 2584 Greci,
1082 2536 1236 2586 qnam
1255 2521 1453 2584 Latini,
1475 2520 1566 2571 de-

498 2595 808 2660 scriptiones
847 2611 1137 2661 pugnarum
1175 2599 1251 2649 itu
1287 2603 1566 2661 exornant,

496 2669 558 2723 ut
577 2671 756 2724 dicant
793 2674 809 2702 ‘
832 2674 1055 2738 terrum‚’
1092 2675 1145 2724 in
1167 2689 1269 2739 qua
1285 2675 1566 2738 pugnetur,

493 2751 509 2777 ‘
534 2749 775 2813 gemere,'
830 2751 845 2780 ‘
867 2750 1122 2815 tremere,'
1175 2757 1232 2801 et
1287 2751 1303 2779 ‘
1321 2765 1564 2803 resonare

492 2828 649 2891 pulsu
702 2825 893 2892 pedum
946 2835 1002 2878 et
1055 2836 1201 2879 motu
1264 2826 1563 2890 armornm‚'

495 2902 924 2966 quemadmodum
948 2904 1002 2953 in
1024 2903 1123 2967 his,
1147 2919 1263 2969 quae
1283 2902 1368 2954 hic
1390 2902 1565 2955 adfert

495 2981 755 3046 Begerus,
783 2987 839 3031 et
861 2981 1000 3046 apud
1038 2982 1226 3032 multos
1259 2981 1405 3044 alios,
1438 2997 1568 3047 quo·¹

494 3072 606 3107 rum
652 3057 770 3107 loca
808 3057 1071 3120 congessit
1101 3055 1275 3107 Cei-du
1307 3057 1375 3107 ad
1411 3057 1561 3122 virg.

494 3144 598 3182 xn-
621 3133 738 3184 AEu.
761 3135 875 3182 884.
941 3131 1047 3183 Sed
1079 3145 1232 3183 nemo
1254 3147 1432 3183 eornm
1454 3139 1562 3185 tam

494 3207 715 3258 stolidus
753 3205 875 3274 fuit,
909 3215 970 3260 ut
1000 3207 1197 3259 dixerit
1234 3223 1440 3274 gravem
1470 3211 1560 3262 eli·

493 3297 645 3349 quem
688 3290 847 3334 terrm
888 3291 1106 3349 motum,
1154 3285 1243 3351 qul
1297 3287 1451 3338 urbes
1495 3304 1561 3340 ec

492 3366 698 3412 montes
741 3361 1105 3426 prostraverit,
1159 3363 1296 3428 quod
1339 3362 1407 3414 de
1462 3364 1561 3418 hoe

490 3436 755 3502 proditum
779 3444 876 3500 est,
897 3451 928 3486 e
961 3436 1196 3488 discursu
1217 3439 1560 3504 pugnantium

491 3514 656 3565 fnisse
689 3520 877 3565 ortum.
947 3515 1230 3566 Existimat
1265 3531 1421 3581 porro
1454 3518 1559 3568 Be·

492 3605 647 3655 gerus
704 3592 721 3620 ‘
745 3591 1012 3642 horrorem
1054 3590 1177 3644 soli'
1233 3606 1333 3642 non
1387 3593 1558 3646 minua

490 3675 636 3720 recte
657 3684 811 3733 posse
829 3668 936 3720 dici
957 3667 1026 3719 de
1038 3674 1183 3720 motu
1206 3674 1382 3733 terrae,
1403 3685 1554 3735 quam

487 3747 505 3776 ‘
535 3746 720 3800 horror
772 3760 1048 3810 corporum
1116 3743 1558 3798 febricitantium'

486 3821 697 3878 dicitur.
758 3821 865 3872 Sed
881 3822 980 3873 lioc
1003 3828 1102 3886 est,
1121 3822 1260 3888 quod
1281 3820 1558 3874 Salmasius

485 3905 651 3961 negat
670 3914 739 3950 ex
756 3900 865 3951 ullo
880 3899 1070 3950 idoneo
1093 3898 1326 3950 Auctore
1344 3899 1557 3964 Lingua

487 3976 691 4026 udum
736 3990 887 4040 posse
929 3975 1151 4028 ostendi.
1217 3977 1409 4043 Itaque
1452 3991 1557 4026 non

483 4049 675 4102 sufficit
694 4051 790 4102 hoc
811 4050 1023 4115 Begeri,
1060 4053 1076 4081 ‘
1094 4066 1191 4102 nec
1214 4052 1230 4081 ‘
1249 4053 1431 4102 horror
1451 4058 1557 4103 ter-

485 4126 585 4178 rae'
626 4140 724 4194 pro
766 4133 923 4178 terrm
966 4133 1193 4179 tremore
1232 4128 1558 4193 ineleganter

487 4203 593 4257 dici
617 4202 823 4254 videtur
842 4202 873 4254 ε’
906 4203 1001 4256 sed
1031 4205 1128 4256 hoc
1149 4204 1349 4260 idoneis
1375 4212 1556 4257 aucto·

1198 385 1416 435 NOTAE
1464 382 1872 435 vationum
1923 384 2003 433 m

1650 526 1895 579 ritutibus
1979 526 2444 578 demonstrandum
2532 524 2701 579 fueret.

1652 607 1788 656 Num
1828 605 2020 670 alioqui
2058 605 2240 656 eadem
2281 605 2489 654 ratione
2537 605 2704 669 omnia,

1648 698 1764 749 qum
1799 689 2075 733 moventur
2110 689 2166 732 et
2202 681 2600 744 concutiuntur,
2617 681 2707 732 ele-

1648 763 1834 824 genter
1869 764 2084 822 possent
2117 757 2224 807 dici
2261 756 2554 820 ‘horrere,'
2584 756 2705 822 qued

1647 850 1798 900 quum
1822 835 2096 885 absurdum
2119 834 2211 894 sit,
2226 847 2383 883 nemo
2403 847 2513 883 non
2535 832 2710 884 intelli-

1646 912 1737 976 git.
1803 912 1904 962 Sed
1945 919 2119 963 tumen
2151 910 2205 961 id
2241 910 2498 975 peculiari
2519 910 2707 961 ratione

1646 988 1716 1039 de
1754 995 1905 1040 terra
1940 996 2168 1040 tremore
2203 1003 2360 1053 posse
2393 988 2503 1038 dici
2535 994 2705 1052 putat:

1647 1077 1762 1115 esse
1785 1066 1919 1116 enim
1954 1066 1969 1093 ‘
1985 1064 2346 1128 metaphoram
2365 1062 2417 1113 'a
2439 1064 2707 1115 microcos-

1646 1153 1731 1190 mo
1764 1141 1816 1190 in
1840 1139 2073 1191 febribus
2098 1141 2406 1190 translatam
2427 1140 2500 1189 nd
2522 1154 2706 1192 macro·

1648 1231 1892 1267 cosmum.
1921 1216 1938 1245 ⁶
1952 1213 2217 1278 Horror-‚⁹⁹
2238 1214 2427 1280 inquit,
2448 1215 2466 1244 ‘
2483 1214 2709 1277 Medicis,

1647 1300 1709 1346 ut
1740 1295 1852 1359 ipse
1886 1294 2161 1344 Salmasius
2200 1294 2458 1358 agnoscit,
2494 1294 2547 1344 in
2585 1293 2708 1345 febri

1647 1379 1796 1423 recte
1816 1372 2027 1435 dicitur,
2061 1386 2163 1437 qno
2185 1386 2377 1439 corpus
2401 1372 2707 1424 concutitur.

1650 1448 1846 1500 Quidni
1870 1462 1997 1514 ergo
2031 1448 2136 1498 dici
2175 1448 2343 1512 possit
2365 1457 2425 1500 et
2450 1450 2520 1501 dc
2543 1450 2710 1500 terra?

1647 1527 1839 1576 Nonne
1862 1525 2046 1576 codem
2069 1538 2222 1576 sensu
2246 1525 2488 1577 Catullus
2519 1525 2709 1591 (Carm-

1649 1615 1778 1654 mxv.
1813 1616 1885 1653 vs.
1908 1600 2050 1665 205.)
2083 1603 2151 1653 de
2194 1602 2536 1667 aequoribus?
2599 1601 2708 1656 Quo

1645 1694 1784 1730 nunc
1828 1686 1884 1730 et
1925 1679 2082 1730 tellus
2128 1686 2288 1744 utque
2332 1677 2551 1729 horrida
2596 1693 2706 1734 eou-

1647 1761 1967 1808 tremuerunt
1995 1753 2257 1819 AEquora!
2321 1753 2443 1805 Hoc
2467 1761 2578 1805 tam
2599 1770 2708 1805 acu-

1645 1840 1756 1883 tum
1792 1841 1951 1899 atque
1994 1832 2315 1896 ingeniosum
2355 1837 2459 1896 est,
2496 1840 2556 1882 nt
2587 1832 2706 1883 nihil

1644 1909 1808 1973 magis
1845 1909 2026 1975 possit.
2092 1907 2309 1960 Habent
2346 1907 2438 1970 hic⁴
2468 1909 2603 1975 quod
2625 1908 2706 1960 nd·

1643 1988 1765 2048 huc,
1808 1993 1869 2037 ut
1908 1986 2115 2052 opinor,
2170 1986 2468 2049 ignoratum
2511 1986 2708 2037 discunt

1642 2063 1966 2128 Philosophi,
1991 2070 2145 2113 term
2183 2069 2382 2113 motum
2416 2076 2536 2113 esse
2570 2062 2707 2128 quasi

1644 2137 1991 2189 accessionem
2015 2136 2181 2188 febris
2204 2143 2382 2200 terre,
2415 2146 2475 2188 et
2506 2145 2710 2201 terram,

1644 2229 1802 2281 quum
1820 2221 2074 2278 movetur,
2091 2214 2235 2280 quusi
2254 2212 2580 2264 febricitare.
2609 2213 2708 2266 Sed

1641 2306 1795 2357 quum
1835 2290 1994 2342 febris
2016 2289 2128 2342 fere
2150 2290 2373 2354 incipiat
2394 2289 2460 2340 ab
2483 2291 2708 2353 horrore,

1642 2368 1726 2419 cui
1747 2367 1937 2419 deinde
1978 2367 2213 2419 succedit
2244 2368 2406 2429 color,
2437 2374 2498 2417 ut
2532 2367 2706 2419 Celsus

1641 2443 1826 2494 scribit
1847 2458 1934 2494 m.
1976 2444 2043 2495 de
2083 2443 2280 2494 Medic.
2310 2446 2360 2494 8.
2400 2451 2564 2509 utque
2585 2445 2706 2495 adeo

1640 2518 1823 2571 horror
1846 2518 2052 2570 initium
2072 2517 2239 2569 febris
2259 2518 2362 2581 sit;
2397 2519 2553 2569 velim
2573 2519 2707 2585 equi·

1643 2595 1761 2646 dem
1782 2595 1937 2658 scire,
1957 2594 2079 2661 quid
2116 2594 2170 2645 in
2206 2602 2366 2645 terrae
2399 2603 2545 2646 motu
2566 2596 2707 2647 finito

1641 2670 1732 2722 illo
1770 2672 1981 2723 horrore
2026 2672 2081 2721 in
2124 2671 2297 2721 locum
2339 2672 2460 2736 ejus
2502 2673 2704 2724 veniat:

1640 2762 1759 2799 nem
1795 2755 1851 2799 et
1884 2750 1984 2801 hoc
2007 2747 2285 2799 dicendum
2307 2757 2409 2814 est,
2441 2750 2485 2799 si
2507 2764 2708 2814 compa·

1639 2825 1892 2876 rationem
1916 2833 2072 2876 terrae
2096 2832 2266 2882 motus
2287 2839 2406 2875 cum
2438 2823 2577 2876 febri
2595 2839 2707 2876 eon·

1639 2906 1782 2951 sture
1802 2908 1857 2952 et
1879 2902 2182 2960 adt-uratum
2204 2915 2317 2952 esse
2342 2906 2518 2965 putat.
2552 2901 2711 2970 Plane

1638 2977 1796 3030 credo
1839 2980 2036 3044 Begeri
2077 2979 2472 3030 microcosmum
2506 2978 2708 3031 febrici-

1641 3061 1795 3122 ωηο,
1813 3071 1970 3121 quum
1985 3057 2099 3108 haec
2120 3057 2423 3120 scribebat;
2457 3058 2594 3109 adeo
2608 3073 2708 3109 om·

1638 3134 1743 3193 uia,
1766 3149 1886 3199 qum
1920 3134 2170 3200 loquitur,
2203 3135 2330 3185 nihil
2366 3136 2472 3186 nisi
2504 3135 2710 3186 febrici÷

1639 3208 1801 3259 tentis
1843 3210 2044 3260 somnia
2084 3217 2226 3262 sunt.
2294 3212 2471 3262 Locus
2519 3210 2709 3263 Cutulli

1637 3286 1766 3337 nihil
1777 3286 1842 3337 ad
1856 3301 1964 3337 rem
1982 3286 2128 3338 facit.
2161 3288 2178 3316 ‘
2193 3286 2521 3340 Horrescet-e
2539 3286 2709 3339 mare'

1636 3363 1770 3414 dicit
1801 3364 1986 3428 virgil.
2019 3369 2067 3416 3.
2102 3366 2204 3417 Ge.
2236 3370 2349 3417 199.
2394 3381 2558 3431 quum
2589 3379 2708 3415 ven·

1636 3439 1704 3490 tis
1747 3439 2021 3504 impulsum
2074 3439 2264 3493 fluctus
2317 3443 2536 3493 attollit.
2621 3441 2706 3491 Sic

1634 3517 1649 3544 ‘
1669 3514 1875 3565 horrida
1899 3516 2140 3583 mquoru'
2162 3517 2372 3567 Catullo
2391 3525 2517 3568 sunt
2538 3514 2708 3567 flucti-

1632 3590 1727 3642 bus
1749 3593 1969 3657 ogitutu,
1989 3608 2106 3660 quae
2129 3600 2188 3644 et
2221 3595 2238 3623 ‘
2258 3592 2424 3643 saeva’
2448 3593 2707 3651 dicuntur,

1630 3675 1687 3721 et
1708 3669 1724 3700 ‘
1744 3669 1957 3734 usperu’
1981 3669 2167 3734 Virgil-
2182 3669 2392 3719 v1.AEn.
2407 3674 2527 3721 851.
2573 3668 2703 3719 Haec

1630 3752 1803 3798 eutem
1842 3761 1945 3798 non
1983 3747 2140 3810 msgis
2174 3744 2455 3797 transferri
2493 3751 2704 3811 possunt

1632 3824 1700 3873 ad
1720 3824 1889 3874 omnin
1908 3823 2030 3887 elie,
2067 3837 2182 3890 quae
2215 3821 2489 3886 agitantur
2509 3831 2566 3873 et
2586 3836 2701 3873 con·

1632 3899 1917 3965 cutiuutur,
1947 3913 2100 3965 quum
2138 3899 2391 3950 ‘horren’
2457 3899 2698 3949 Ceterum

1631 3976 1684 4026 in
1717 3977 1858 4026 Flori
1892 3975 2062 4026 verbis
2099 3974 2198 4027 hoc
2232 3990 2441 4043 quoque
2474 3974 2696 4025 animad-

1631 4051 1943 4104 vertendum
1966 4061 2066 4114 est,
2093 4066 2211 4102 enm
2234 4066 2340 4102 non
2364 4060 2512 4103 recte
2534 4047 2693 4101 videri

1631 4128 1766 4180 hunc
1803 4133 1999 4180 motum
2045 4137 2202 4179 terrm
2241 4142 2521 4179 recensere
2559 4127 2693 4178 iuter

1632 4208 1802 4258 omine
1839 4205 2156 4257 imminentis
2179 4204 2361 4256 eladis.
2429 4203 2566 4257 Nam
2585 4199 2687 4253 siis
