2950 4892
475 350 609 418 062

476 516 748 574 compacto
767 507 1066 562 infestabat.
1120 510 1138 539 ‘
1156 511 1319 563 Quasi
1339 510 1406 560 ad
1420 525 1543 560 con·

478 586 747 637 stitutum'
783 593 866 637 eat
898 587 1044 651 quasi
1075 586 1150 637 ita
1187 587 1544 637 constituisset

479 678 596 715 cum
622 665 707 715 illo
728 679 872 729 agro,
895 666 1003 714 sive
1023 665 1325 730 pepigisset.
1376 665 1392 693 ‘
1408 664 1543 713 Con·

478 742 723 792 stituere’
756 749 856 803 est,
887 741 1102 805 pacisci,
1124 739 1402 790 convenire
1422 753 1542 789 cum

477 818 648 882 aliquo
670 823 728 866 nt
751 816 816 865 ad
837 824 1037 866 certum
1059 817 1230 865 locum
1253 824 1400 866 certo
1416 822 1543 866 tem·

477 908 608 957 pore
632 893 819 944 veniat.
851 895 975 945 Juv.
1008 896 1022 921 ‘
1042 893 1146 943 Hic
1162 893 1248 943 nbi
1269 901 1540 944 nocturna!

481 972 656 1021 Numa
672 972 1026 1022 constituebat
1043 971 1259 1022 amicas?
1291 972 1309 1000 ‘
1328 973 1443 1021 Sem
1451 985 1543 1036 per

478 1048 544 1098 ad
569 1049 907 1098 constitutum
932 1049 1107 1098 venire
1123 1047 1137 1070 '
1178 1054 1276 1111 est,
1305 1049 1541 1113 quotidie

476 1130 628 1174 certa
681 1131 738 1174 et
790 1123 935 1173 dicta
981 1125 1105 1173 bora
1158 1138 1274 1174 esse
1329 1132 1540 1188 praesto.

479 1200 791 1252 Groen.1)e
825 1200 962 1249 Enro
997 1207 1053 1250 et
1084 1201 1340 1250 Vulturno
1380 1202 1542 1252 multa

476 1275 714 1341 disputat
751 1276 1032 1326 Salmasius
1077 1277 1138 1326 ad
1194 1278 1442 1342 Solinnm,
1484 1284 1541 1328 et

477 1353 596 1416 plus
630 1353 790 1402 semel
827 1352 1067 1403 adfirmat
1102 1354 1302 1404 Latinis
1325 1356 1540 1405 Vultur-

475 1442 598 1478 num
620 1442 751 1493 esse,
771 1432 859 1495 qui
884 1432 1081 1482 Grecis
1104 1439 1184 1482 est
1205 1433 1387 1483 Eurus.
1455 1433 1541 1484 Li-

475 1505 650 1556 vium·
638 1521 689 1557 ιιι
713 1507 941 1557 notanda
977 1509 1236 1559 locatione
1269 1511 1540 1576 utriusque

476 1582 611 1631 aciei
653 1581 860 1646 falsum,
901 1599 1004 1634 non
1048 1584 1223 1636 credo.
1306 1588 1442 1638 Nam
1484 1594 1541 1638 et

475 1658 664 1723 Polyb.
683 1672 772 1709 ιιι.
792 1663 907 1717 114,
930 1667 1109 1711 auctor
1125 1667 1224 1724 est,
1249 1662 1539 1713 Romanam

476 1735 642 1785 aciem
662 1736 929 1787 meridiem
961 1745 1243 1803 spectasse,
1269 1739 1541 1803 Cartbagi-

473 1811 703 1861 niensem
723 1813 1167 1876 septemtrionem.
1233 1815 1336 1864 Sed
1374 1815 1426 1865 iu
1451 1831 1543 1880 ap·

476 1888 836 1951 pellationibus
872 1896 1138 1940 ventorum
1178 1892 1392 1941 multum
1428 1908 1541 1956 per·

477 1963 619 2025 plexi
643 1972 738 2014 est.
803 1964 942 2014 Illud
976 1979 1076 2015 nou
1112 1966 1366 2031 intelligo,
1402 1969 1540 2033 qnod

478 2038 679 2089 Colum.
717 2053 770 2088 v.
802 2039 869 2089 de
892 2042 1051 2108 BUR-
1073 2048 1121 2093 6.
1159 2045 1365 2106 scribit,
1399 2046 1540 2096 ‘Eu-

477 2119 613 2164 rum’
647 2115 714 2165 ab
736 2114 916 2167 incolis
942 2118 1157 2169 Baeticae
1198 2120 1250 2169 in
1288 2119 1541 2186 Hispania

473 2191 490 2218 ‘
512 2191 855 2242 Vulturnum'
897 2195 1186 2258 appellari:
1220 2196 1315 2247 uisi
1353 2199 1538 2249 incolae

474 2267 692 2318 Baeticae
728 2269 778 2317 ei
816 2278 954 2334 suut,
990 2273 1079 2337 qui
1122 2287 1186 2323 eo
1226 2274 1276 2322 in
1313 2275 1539 2326 colonias

476 2343 621 2392 missi
645 2359 819 2394 vocem
844 2346 980 2397 illam
1003 2362 1071 2398 ex
1094 2347 1250 2399 Italia
1270 2350 1322 2399 iu
1342 2350 1537 2415 Hispa-

471 2421 611 2470 niam
634 2421 923 2475 intulerint.
991 2426 1078 2475 De
1105 2426 1227 2475 Sole
1247 2425 1383 2491 qnod
1407 2427 1539 2477 dicit

471 2498 674 2560 Florus,
712 2500 837 2549 satis
870 2499 1084 2551 defendi
1127 2510 1317 2566 potest.
1398 2502 1536 2553 Nam

471 2575 575 2624 etsi
608 2576 652 2624 is
691 2576 857 2641 primo
892 2580 1099 2644 utrique
1132 2581 1268 2644 parti
1296 2581 1537 2646 obliquus

469 2658 603 2716 erat,
639 2660 696 2703 et
734 2662 946 2705 neutros
978 2670 1291 2721 magnopere
1313 2654 1539 2707 offende-

469 2726 581 2789 bat,
605 2744 760 2793 quum
784 2731 1004 2794 primum
1027 2734 1379 2798 exoriebatur,
1397 2734 1536 2799 quod

471 2804 630 2855 etiam
660 2806 843 2871 Polyb.
866 2810 901 2858 l.
918 2809 969 2858 d.
990 2810 1206 2873 scribit3
1239 2818 1410 2861 tamen
1433 2826 1536 2874 quo

469 2881 633 2944 magis
672 2883 990 2944 procedente
1032 2885 1119 2935 die
1161 2886 1228 2937 ad
1267 2887 1536 2938 meridiem

470 2955 836 3020 adscendebat,
867 2973 931 3009 eo
966 2961 1127 3025 magis
1154 2970 1301 3026 terga
1337 2979 1536 3026 eorum,

470 3030 559 3093 qni
584 3031 633 3078 in
657 3035 1083 3094 septemtrionem
1118 3038 1254 3087 versi
1290 3048 1458 3102 eraut,
1479 3048 1537 3089 et

468 3104 644 3154 vultus
666 3120 865 3170 eornm,
894 3110 1056 3172 quiin
1078 3114 1365 3178 meridiem,
1388 3115 1538 3167 ferie-

470 3178 599 3228 bant
648 3180 797 3230 radii.
878 3183 939 3233 In
981 3188 1289 3252 conjectura
1329 3151 1537 3244 fleinsii

472 3257 911 3307 constructionem
945 3260 1178 3313 laborare
1214 3265 1343 3317 dicit
1370 3269 1536 3333 Bege-

471 3345 576 3380 rus.
645 3332 763 3382 Nou
809 3337 1048 3400 percepit
1101 3341 1239 3391 illins
1293 3352 1536 3395 mentem.

471 3406 608 3457 Nam
630 3407 874 3460 Heinsius
908 3412 1005 3463 boc
1044 3417 1172 3478 vult,
1207 3417 1325 3469 ideo
1362 3421 1535 3471 omitti

470 3497 621 3546 posse
641 3485 879 3550 dmm,
912 3489 1050 3553 quod
1088 3493 1213 3542 satis
1248 3494 1435 3546 Latine
1458 3497 1536 3547 di-

469 3564 621 3607 catur
640 3559 657 3586 ‘
674 3560 921 3613 obversus
940 3567 1143 3631 omnia,'
1159 3577 1217 3620 ut
1234 3585 1317 3634 ap·
1336 3573 1534 3624 Colum.

472 3635 525 3684 in
568 3636 672 3686 Ms-
724 3637 921 3690 ‘frons
976 3644 1227 3695 orientem
1279 3649 1534 3712 obversaf

469 3711 608 3775 quod
646 3713 802 3764 etiam
844 3715 895 3765 in
934 3718 1037 3768 suis
1070 3719 1218 3771 libris
1259 3722 1536 3775 invenerat

470 3786 775 3841 Politiauus.
816 3793 1086 3858 Scriptura
1105 3798 1349 3848 librorum
1376 3801 1535 3852 Floriae

469 3877 595 3928 quos
628 3865 709 3916 bic
744 3870 958 3922 laudant
989 3873 1146 3923 Salm.
1177 3882 1235 3925 et
1270 3877 1534 3941 Graevius,

471 3939 631 3989 etiam
653 3945 809 3993 estin
832 3947 962 3997 Toll.
986 3949 1166 4001 Duisb.
1194 3953 1350 4002 Fran.
1379 3954 1533 4004 Voss.

473 4019 520 4064 1.
542 4020 590 4064 2.
623 4024 678 4067 et
712 4022 1044 4075 om.ed.1u
1084 4028 1249 4093 Regg.
1291 4037 1346 4080 et
1381 4030 1532 4081 Jord.

470 4090 694 4156 comm,
714 4096 883 4158 quod·
890 4100 1055 4150 minus
1097 4103 1280 4154 durum
1311 4107 1536 4174 videtur,

471 4182 621 4232 quam
632 4174 856 4221 adversus
870 4173 967 4224 ltoec
978 4179 1132 4227 omnia
1142 4183 1366 4232 ιιάιιενσίι.
1385 4183 1532 4235 Voss·

475 4246 523 4296 ⁸.
548 4243 774 4296 Romanis
793 4246 893 4296 haec
907 4251 1062 4302 onznia
1082 4256 1306 4306 aduersis.
1357 4259 1534 4310 Verba

1182 368 1398 418 No‘rAE
1446 367 1849 420 vammum
1900 364 1976 414 m

1618 508 1798 574 ‘quasi
1819 508 1885 558 ad
1908 504 2282 558 eonstintum'
2305 518 2414 555 non
2433 509 2680 562 rectaex·

1619 587 1769 651 pouit
1791 565 2028 635 Freinsh-
2048 584 2101 634 in
2123 583 2262 647 lud„
2301 584 2451 649 qnasi
2486 580 2556 632 ad
2573 595 2678 631 aeo-

1620 678 1760 727 pnm.
1826 663 2016 714 Melius
2037 661 2277 713 Gravius
2304 668 2364 710 et
2395 658 2625 709 Gronov.
2645 672 2679 708 ι.

1620 739 1752 789 Obs.
1775 744 1822 789 1.

1687 816 1839 872 Quasi
1858 815 2107 865 secudum
2128 814 2296 863 εωιιιιιι
2312 811 2504 874 tenu]
2556 811 2679 878 Hoec

1617 893 1880 957 scriptura
1896 899 1977 942 est
1989 892 2214 942 omnium
2231 898 2526 941 nostrornm
2539 888 2683 939 codd.

1617 970 1768 1034 longe
1808 968 2022 1033 optima,
2059 983 2168 1032 prae
2205 968 2294 1017 illa
2330 981 2491 1031 qnam
2515 966 2681 1016 Vinet.

1619 1046 1887 1111 pra-tulit:
1942 1046 2093 1101 Quasi
2123 1059 2278 1093 urum
2307 1045 2481 1094 edun
2515 1047 2684 1094 tam.

1618 1125 1747 1173 Eam
1767 1123 1922 1173 etiam
1942 1122 2167 1172 adstruit
2187 1129 2338 1171 vetus
2353 1118 2540 1170 editio.
2573 1119 2684 1169 Nan

1618 1199 1843 1264 protrita
1864 1207 2038 1249 autem
2058 1213 2155 1248 nec
2174 1196 2403 1261 vulgaris
2417 1204 2566 1246 nota
2582 1195 2684 1244 lure

1615 1275 1867 1341 loquutio.
1912 1275 2075 1328 Quasi
2097 1273 2381 1325 secundnm
2401 1273 2594 1323 coelnm
2615 1277 2683 1321 te·

1616 1351 1779 1402 nebat
1799 1351 2047 1414 Annibal,
2066 1353 2154 1418 qni
2177 1350 2411 1402 secundo
2432 1348 2685 1413 sole,jux·

1619 1435 1675 1479 ta
1696 1428 1829 1479 bunc
1852 1429 2123 1490 Nostrum,
2162 1443 2224 1477 ac
2260 1424 2500 1477 secundo
2522 1430 2689 1485 vento,

1618 1506 1900 1571 pugnabat.
1967 1506 2236 1556 Secundus
2284 1517 2445 1568 porro
2491 1508 2688 1563 ventas,

1616 1584 1705 1649 qui
1742 1600 1774 1633 a
1805 1592 1954 1647 tergo
1991 1583 2158 1647 spirat
2193 1583 2367 1631 euntis
2407 1578 2592 1639 navis3
2632 1583 2686 1625 nt

1619 1657 1885 1723 adversus,
1904 1659 1993 1724 qni
2011 1657 2317 1709 contrarius.
2364 1652 2688 1706 Itasecundo

1618 1749 1769 1785 amne
1790 1733 2121 1800 navigat,qui
2135 1734 2372 1799 sequitur
2393 1732 2567 1782 amnia
2581 1744 2687 1784 ent·

1618 1825 1749 1873 sum,
1779 1824 1879 1860 uec
1901 1816 2104 1872 contra,
2131 1824 2284 1873 quam
2322 1808 2471 1873 rapit
2503 1807 2594 1860 ine
2630 1819 2686 1855 ae

1617 1886 1818 1938 defluit.
1907 1888 1997 1937 Sic
2040 1886 2273 1937 secundo
2318 1886 2434 1936 sole
2483 1891 2687 1946 ventum

1615 1962 1743 2014 flare
1769 1963 2016 2028 Nigidius
2029 1964 2150 2014 olim
2168 1963 2426 2028 dixit,qni
2450 1973 2556 2012 non
2572 1976 2689 2014 cun·

1617 2048 1700 2091 tra
1719 2042 1881 2092 solem
1904 2039 2018 2105 flat,
2034 2041 2124 2092 sed
2141 2041 2208 2092 ab
2225 2055 2292 2090 ea
2310 2040 2533 2105 regione
2556 2039 2688 2089 unde

1615 2119 1712 2168 sol.
1775 2117 1928 2171 Quod
1951 2132 2056 2169 non
2072 2118 2337 2169 intellexit
2352 2118 2614 2181 Agellum,
2634 2122 2689 2166 nt

1614 2195 1849 2259 pluribus
1869 2195 1937 2245 ad
1958 2195 2188 2245 Solinnm
2203 2194 2330 2245 dixi.
2354 2192 2511 2244 Sela.
2546 2192 2692 2250 Qun·

1612 2274 1860 2322 κσιηιάιιιιι
1879 2270 2068 2334 aarum]
2101 2271 2192 2321 Ita
2213 2286 2264 2320 v.
2277 2285 2330 2321 e.
2351 2285 2476 2322 nam
2494 2269 2690 2331 vineti,

1613 2351 1922 2413 quatum
1955 2350 2156 2408 calum,-
2186 2349 2287 2399 etsi
2309 2361 2418 2398 uon
2440 2347 2691 2412 uegetal·

1616 2435 1783 2477 terum
1802 2426 1965 2477 fuisse
2000 2428 2054 2476 in
2085 2427 2215 2477 Mss-
2238 2427 2346 2480 suis
2366 2442 2382 2475 ι
2407 2440 2521 2493 ⁸nec
2544 2425 2691 2475 aliter

1614 2518 1816 2570 quoque
1840 2503 2157 2567 Joruandes,
2173 2502 2274 2552 nisi
2296 2501 2443 2566 quod
2468 2502 2560 2551 ille
2573 2500 2692 2551 omi·

1615 2579 1684 2629 sit
1707 2580 2036 2644 particulam,
2066 2579 2233 2643 qnasi:
2270 2593 2394 2642 qum
2419 2585 2596 2627 tamen
2621 2590 2696 2625 re·

1611 2657 1839 2722 quiritur
1877 2656 2123 2718 maxime,
2160 2661 2547 2719 comparetque
2569 2654 2692 2706 ite-

1612 2733 1666 2781 in
1689 2732 1825 2783 Pall.
1848 2734 2018 2782 tribus
2037 2749 2053 2781 ε
2089 2731 2227 2781 dixit
2257 2738 2441 2780 autem
2478 2733 2496 2760 ‘
2516 2744 2695 2782 necun-

1613 2808 1736 2858 dnm
1758 2807 1979 2871 coelum,'
2021 2814 2080 2857 ut
2101 2806 2197 2856 inf.
2218 2810 2269 2855 8.
2291 2811 2380 2869 2⁰,
2403 2810 2452 2870 ¹:
2487 2807 2559 2856 de
2594 2820 2695 2856 aet·

1614 2885 1726 2934 vis:
1760 2885 1777 2913 ‘
1802 2884 1966 2937 Quasi
2004 2882 2293 2934 secundum
2331 2896 2502 2945 genna
2539 2883 2695 2933 bomi-

1614 2959 1771 3009 num.’
1827 2961 1977 3009 Grut.
2045 2958 2152 3009 Sed
2192 2958 2294 3008 boc
2347 2958 2509 3024 longe
2554 2957 2695 3008 aliud

1614 3043 1727 3086 est:
1761 3035 1866 3085 vid.
1887 3035 1962 3085 ibi
1983 3035 2165 3085 (ἂι-ων.
2218 3036 2305 3085 De
2345 3034 2470 3085 loco
2499 3034 2696 3101 Nigidii

1615 3127 1699 3176 ap.
1722 3112 1859 3162 Geli.
1883 3126 1947 3163 ιι.
1966 3115 2051 3163 22.
2091 3111 2314 3161 Salmas.
2348 3110 2419 3160 ad
2440 3112 2609 3162 Solin.
2643 3125 2696 3175 p.

1614 3192 1728 3238 890.

1676 3266 1725 3328 ᾖ.
1750 3268 1813 3315 17
1863 3264 2028 3314 Donec
2068 3264 2285 3315 Annibal
2326 3265 2514 3315 diceret
2558 3264 2701 3315 suisti

1609 3358 1711 3406 sno,
1750 3344 1911 3394 Parce
1935 3342 2100 3408 ferro]
2154 3344 2302 3394 Nihil
2347 3346 2459 3394 tale
2507 3345 2700 3396 uvius.

1615 3419 1731 3469 Nec
1754 3434 1879 3469 vero
1901 3418 1970 3470 de
1990 3418 2258 3470 Annibale
2289 3421 2585 3474 verisimile
2603 3428 2701 3472 eat·

1612 3496 1876 3558 Quinimo,
1899 3503 1959 3546 ut
1983 3510 2065 3546 res
2088 3495 2214 3559 fnit,
2229 3503 2287 3547 et
2301 3496 2588 3548 ridiculum
2603 3504 2700 3548 ast.

1611 3572 1949 3637 Tempestive
2004 3587 2131 3623 sane
2182 3571 2424 3623 Annibal
2482 3575 2700 3626 mititem

1609 3664 1756 3699 sunm
1779 3664 1999 3714 parcere
2019 3649 2161 3700 ferro
2172 3650 2450 3715 jussisset,
2471 3652 2702 3702 interne·

1611 3725 1763 3775 cione
1801 3724 1982 3776 deleto
2015 3727 2129 3791 jam
2171 3727 2420 3777 exercitu
2446 3730 2701 3788 Romano,

1611 3809 1733 3864 post
1752 3803 2098 3868 quadraginta
2128 3804 2346 3853 millium
2384 3807 2614 3869 caedem‚
2633 3804 2695 3855 ad

1609 3880 1907 3930 satietatem
1927 3895 2032 3930 nou
2056 3882 2243 3956 magis,
2278 3897 2441 3946 qnam
2463 3884 2532 3934 ad
2557 3882 2698 3934 lassi·

1603 3955 1846 4005 -tndiuem
1887 3972 2071 4022 usque,
2106 3951 2390 4022 caesorum,
2423 3976 2546 4012 cnm
2570 3962 2697 4010 alte·

1611 4045 1724 4081 rum
1768 4034 2051 4098 consulem,
2090 4035 2181 4098 qni
2221 4035 2512 4100 superfuit,
2552 4037 2696 4103 quin·

1611 4108 1864 4173 quaginta
1901 4108 2014 4160 fere
2048 4111 2245 4162 milites
2286 4110 2582 4178 fugientem
2616 4126 2692 4163 se·

1609 4185 1756 4249 qunti
1778 4186 1917 4236 sint!
1987 4187 2093 4237 Ubi
2116 4187 2279 4254 igitur
2301 4197 2396 4240 ant
2417 4189 2690 4254 quandoia

1609 4262 1698 4313 illa
1722 4278 1900 4330 pugna
1937 4265 2112 4317 locum
2149 4266 2334 4318 babuit
2373 4268 2507 4320 illud
2531 4266 2687 4320 Anni·
