2950 4892
540 431 648 478 ,ιη
696 429 953 480 ANNAEJ
1004 428 1224 480 raom
1274 431 1568 481 ma.·1v.
1615 435 1777 484 car.
1824 421 1928 485 12.

164 571 415 624 Diatribe
479 575 690 626 Thomae
758 575 1004 627 Reinesii.
1063 578 1228 629 (ἔνων.

170 652 416 714 Veuicma,
457 666 573 717 quae
623 653 912 705 Ptolemaeo
965 661 1049 704 est
1102 655 1226 705 urbs

162 729 566 792 Cantabrorum,
611 730 695 779 hic
734 730 994 794 designari
1038 738 1228 795 putant

159 806 345 857 Vinet.
368 812 424 858 et
446 808 619 859 Ortel.
686 809 756 859 Et
778 809 853 858 sic
881 808 1086 860 Reines.
1112 811 1228 860 Cel·

162 882 340 945 larius,
356 891 413 933 et
428 884 668 937 Perizon.
689 885 742 935 h.
764 886 799 935 1.
822 887 1022 951 legunt.
1078 888 1226 939 Lnit-

160 960 394 1023 prandus
416 961 451 1011 l.
466 962 518 1011 d.
552 969 568 992 ⁴
591 961 673 1013 Ad
692 964 982 1028 Belgidam‚
1004 966 1086 1015 vel
1101 966 1223 1016 Vel·

161 1036 306 1100 liam,
340 1039 424 1088 vel
448 1036 737 1102 Velgidtim,
766 1042 853 1090 vel
886 1042 1138 1105 Vellicam
1170 1043 1224 1091 ln

162 1112 460 1177 Cantabris,
482 1123 544 1167 nt
567 1115 732 1166 refert
753 1118 815 1166 L.
845 1117 1063 1168 Florus!
1117 1119 1224 1171 Pro

156 1191 410 1252 pretiatur
428 1193 596 1257 Ryck.
608 1199 890 1258 pugnatam,
911 1204 967 1246 et
989 1211 1087 1261 pro
1112 1197 1226 1247 Vin-

158 1268 314 1331 nium,
333 1270 555 1331 Junium,
590 1272 787 1320 solenni
818 1285 996 1321 errore
1029 1273 1223 1323 scriba-

162 1358 301 1396 rum.
364 1348 518 1398 Voss.
543 1351 590 1399 8.
622 1354 884 1411 pag-natam
905 1350 1084 1399 Thiae.-
1116 1352 1150 1400 i.
1174 1366 1222 1402 e.

159 1429 455 1486 pugnatum
497 1433 593 1475 est.
679 1427 696 1455 ⁸
732 1427 1008 1476 Vinnium'
1064 1428 1224 1479 etiam

159 1499 381 1549 Orosius
415 1509 586 1563 vocat,
615 1503 706 1553 sed
745 1519 833 1570 ap.
855 1506 1077 1557 Ptolem.
1111 1522 1226 1559 esse

160 1582 176 1603 ‘
205 1575 478 1628 Vindium’
503 1580 754 1632 adnotant
768 1582 949 1635 Vinet.
971 1591 1028 1635 et
1054 1584 1223 1637 Ortel.

159 1653 234 1711 Et
254 1654 330 1703 sic
352 1653 529 1706 Plant-

230 1731 384 1787 Qum
400 1732 554 1783 maria
570 1735 706 1797 prius
723 1736 923 1801 Oceani]
949 1739 1056 1796 Qua
1069 1740 1226 1790 muria

153 1810 296 1873 prins
326 1810 505 1861 Oceani
528 1812 582 1862 in
606 1811 738 1867 Ναὶ.
763 1817 934 1881 Lego:
969 1819 1226 1882 quomuria

152 1887 299 1949 prius
318 1888 514 1952 Oceani,
531 1906 668 1954 quam
684 1906 819 1942 arma
836 1894 1048 1943 Romanu
1064 1908 1222 1944 αεοεκ·

154 1979 273 2015 sara
304 1980 405 2017 esse
440 1969 773 2020 crediderant:
828 1972 901 2022 sic
934 1987 1075 2038 supr.
1110 1974 1126 2002 ‘
1157 1974 1222 2025 In

157 2043 308 2094 nives
333 2060 434 2110 quo
472 2046 664 2097 bellum
693 2063 793 2098 non
829 2058 1005 2113 posset
1042 2064 1224 2101 ascen·

158 2121 324 2172 dere?
346 2122 496 2174 Salm.
565 2125 679 2175 Pal.
706 2130 751 2177 1.
768 2142 860 2190 qua
876 2128 1028 2177 moria
1045 2145 1061 2178 ε
1096 2129 1223 2179 item

156 2200 458 2251 crediderat.-
514 2209 659 2252 stant
709 2210 884 2253 tamen
929 2220 960 2254 a
998 2206 1221 2269 vulgatis

159 2274 297 2324 Pali.
329 2276 432 2327 duo
455 2278 657 2344 reliqui.
697 2280 843 2330 Grut.
909 2280 975 2331 In
997 2282 1119 2332 Ald.
1143 2290 1222 2333 est

156 2368 267 2415 qao,
290 2354 427 2418 quod
450 2354 606 2405 etiam
627 2357 856 2407 malebat
878 2357 1200 2409 Perizonius.

188 2448 195 2455 ·
223 2432 396 2481 Maria
420 2433 620 2497 Oceani]
669 2434 877 2484 Terent.
900 2433 1003 2485 Ad.
1026 2448 1078 2485 v·
1099 2440 1148 2486 8.
1171 2440 1220 2486 4.

156 2509 171 2535 ‘
196 2508 249 2559 0
275 2509 439 2558 maria
471 2509 744 2574 Neptuni!
778 2511 969 2562 Catuli.
994 2525 1120 2565 LXV.
1142 2517 1221 2564 80.

156 2588 173 2614 ‘
192 2586 549 2652 Oceanusque
565 2588 691 2637 mari
709 2594 870 2638 totum
888 2588 976 2654 qui
999 2589 1223 2655 amplec-

158 2664 293 2715 titur
326 2665 544 2715 orbem.’
627 2666 799 2716 Etiam
832 2669 848 2696 ‘
875 2683 1016 2717 mare
1056 2669 1221 2719 Ocea-

157 2756 283 2793 num
297 2741 314 2765 '
348 2741 533 2792 dicunt
552 2743 687 2799 Caes.
709 2757 796 2795 ιιι.
816 2743 883 2792 Β.
907 2745 976 2794 G.
997 2749 1044 2794 7.
1078 2747 1224 2799 Mela

156 2834 223 2870 ιι.
240 2826 293 2871 6.
325 2820 460 2870 Tac.
479 2835 516 2871 1.
541 2820 669 2873 Α.9.
706 2831 760 2873 et
777 2826 865 2874 alii
886 2842 900 2874 ε
937 2826 1040 2877 vid.
1062 2826 1223 2878 Gron.

158 2897 227 2947 ad
250 2898 375 2948 Seu.
407 2912 494 2949 m.
544 2900 611 2952 Q.
645 2900 713 2951 N.
736 2904 819 2951 22.
859 2910 916 2953 et
946 2903 1222 2953 Muncker.

158 2976 227 3025 ad
267 2974 466 3040 Hygia.
512 2975 637 3026 Fab.
672 2991 760 3028 ιιι.
799 2977 919 3028 Alio
950 2993 1105 3029 sensu
1136 2994 1222 3044 ap.

157 3052 346 3116 poetas
412 3053 657 3103 dicuutur
720 3055 736 3082 ‘
773 3070 982 3120 aequora
1036 3057 1223 3119 ponti‚'

160 3129 302 3194 quod
325 3131 541 3193 exponit
554 3130 702 3181 Serv.
718 3131 785 3181 ad
803 3133 952 3198 Virg.
966 3147 1005 3183 ι.
1027 3134 1222 3187 Ο.469.

158 3206 273 3256 Pro
325 3206 632 3271 Aru-acilium,
684 3209 819 3274 quod
875 3217 1029 3260 antea
1070 3214 1222 3277 vulgo

157 3282 456 3348 legebatur,
478 3285 719 3336 Graevius
752 3286 918 3337 edidit
940 3289 1222 3339 Aracillum.

159 3361 249 3411 lta
285 3361 404 3412 libri
438 3361 638 3425 vineti,
666 3362 783 3414 Pal.
809 3368 856 3414 1.
891 3364 1057 3430 Regg.
1087 3367 1221 3418 Tou,

160 3438 352 3489 Dulsb.
378 3441 533 3489 Fran.
557 3446 613 3490 et
636 3455 684 3489 v.
709 3454 755 3491 e.

223 3517 273 3581 §-
293 3521 359 3566 50
376 3517 579 3566 Medulli
592 3518 767 3567 montis
778 3517 980 3583 obsidio]
1002 3520 1225 3571 Videtur

158 3595 421 3647 scribenti.
465 3598 584 3647 Inde
622 3598 788 3647 Edam
819 3601 991 3649 montis
1028 3599 1223 3652 obsidio.

162 3675 291 3723 Mox
326 3687 423 3738 pro
467 3689 570 3738 quoe
604 3674 851 3725 uidebatur
895 3676 1100 3742 legend.
1132 3688 1226 3741 qua

159 3750 412 3800 videbatur
424 3766 443 3808 ,·
475 3751 574 3801 hoc
589 3758 688 3815 est,
702 3767 803 3817 qua
818 3754 901 3802 via
914 3768 1003 3802 seu
1023 3755 1225 3804 ratione

159 3827 376 3878 cuilibet
393 3827 698 3878 videbatur:
735 3837 791 3879 et
803 3844 906 3879 non
927 3830 1084 3893 longe
1108 3837 1227 3895 post

156 3920 246 3969 per
281 3905 334 3954 id
368 3903 553 3968 te'mpas
574 3912 793 3970 praestat
827 3906 979 3955 scribi
1015 3921 1109 3971 pro
1136 3922 1226 3970 per

159 3982 287 4032 idem
309 3986 507 4044 tempas.
543 3981 720 4031 Graev.
787 3982 919 4032 Haec
942 3984 995 4032 in
1020 3989 1147 4033 vett.
1168 3990 1227 4032 et

160 4057 340 4107 multis
373 4057 751 4108 recentioribus
785 4058 915 4108 Edd.
949 4073 1227 4123 perperam

161 4133 640 4197 distinguebantur,
658 4134 739 4183 vel
760 4133 902 4184 nulla
920 4136 1002 4184 vel
1018 4135 1230 4185 minima

162 4210 500 4260 distinctione
536 4215 657 4259 ante
695 4210 915 4275 Medulli,
935 4226 996 4262 ac
1035 4211 1228 4262 deinde

162 4286 389 4335 maxima
403 4291 527 4334 ante
537 4289 782 4348 postquam
797 4286 980 4350 posita.
1017 4287 1229 4338 Camers

164 4370 308 4415 recte
353 4362 690 4428 distinxerat,
734 4377 888 4430 quem
931 4364 1118 4416 merito
1153 4378 1230 4417 se·

2189 424 2360 533 1993

1302 579 1450 642 qunti
1496 586 1617 631 sunt
1659 581 1890 633 Freinsh.
1931 582 2118 633 Gran.
2149 586 2358 651 aliique.

1302 656 1406 707 Sed
1436 657 1503 707 ab
1536 658 1614 707 his
1649 672 1822 709 rursus
1857 659 1955 709 sibi
1987 660 2357 713 discedendum
2463 657 2474 663 ’

1302 739 1553 797 putarunt
1574 733 2094 788 Amstelodainenses.
2160 739 2362 790 Tamen

1300 810 1540 861 Freinsb.
1561 811 1697 876 quod
1735 812 1818 862 hic
1849 821 2119 864 monuerat
2148 816 2362 866 Perizo«

1301 889 1433 952 nius,
1448 903 1551 939 non
1575 895 1722 941 recte
1744 891 1904 941 verba
1925 894 1941 921 ‘
1963 892 2186 957 undique
2209 894 2361 945 simul

1301 966 1527 1016 adeunte
1548 968 1802 1017 Romano'
1838 969 1972 1019 notis
1991 970 2359 1033 parentheseos

1299 1043 1599 1096 incluserat.
1665 1044 1730 1094 In
1772 1045 1919 1098 Junt.
1959 1046 2232 1109 singularis
2276 1056 2361 1099 est

1299 1119 1455 1170 lectio
1498 1127 1688 1186 captam
1731 1127 1903 1172 tamen.
1970 1123 2223 1173 Postrema
2251 1124 2360 1184 fait

1300 1196 1507 1246 Medulli
1525 1198 1697 1247 montis
1716 1198 1908 1248 obsidio.
1976 1199 2107 1248 Eam
2130 1201 2359 1265 amplec-

1300 1279 1458 1336 terer,
1481 1277 1525 1324 si
1547 1274 1598 1324 in
1620 1277 1791 1339 aliquo
1813 1275 1947 1326 libro
1975 1283 2097 1340 post
2128 1280 2144 1305 ⁴
2161 1277 2357 1328 cinxit'

1299 1356 1445 1400 esset·
1459 1351 1555 1415 liic,
1574 1352 1663 1414 ibi,
1686 1352 1766 1401 vel
1789 1352 1890 1402 alia
1923 1353 2180 1416 particula
2198 1354 2358 1404 orati-

1299 1428 1384 1477 oni
1404 1427 1778 1479 connectendae
1801 1435 1950 1493 apta:
1991 1431 2198 1480 tametsi
2224 1430 2361 1481 Oro-

1299 1503 1403 1555 sius
1437 1519 1642 1570 quoque
1685 1504 1816 1569 legit
1847 1510 2097 1569 postremo,
2144 1517 2200 1557 et
2242 1516 2358 1557 eam

1300 1595 1475 1631 vocem
1499 1581 1566 1631 ad
1598 1581 1614 1609 ‘
1637 1581 1949 1631 Aracillum'
1988 1582 2184 1633 retulit.
2249 1584 2357 1634 Pro

1274 1690 1279 1695 -
1300 1661 1504 1711 Medulli
1526 1662 1695 1726 Ryck.
1709 1661 1936 1711 babebat
1951 1662 2153 1713 Meduli.
2202 1663 2360 1714 Oros.

1301 1753 1379 1791 vt.
1400 1744 1482 1790 21.
1514 1741 1530 1768 ‘
1554 1739 1891 1790 Medullium’
1924 1746 2096 1803 vocat,
2113 1748 2168 1790 et
2189 1740 2358 1791 Minio

1297 1816 1496 1868 flumini
1519 1818 1787 1868 imminere
1815 1816 1963 1868 dicit.
2029 1818 2162 1866 Eum
2196 1817 2359 1868 Orte·

1297 1896 1397 1946 lius
1414 1910 1445 1945 a
1468 1897 1693 1945 Ptolem.
1725 1889 1961 1944 Ἐδούλιον
1981 1893 2357 1956 adpellari‚sed

1297 1974 1430 2024 male
1456 1973 1510 2022 in
1534 1973 1691 2023 alium
1723 1974 1893 2023 locum
1916 1971 2203 2035 transponi,
2225 1971 2359 2021 etin

1298 2051 1452 2102 Oros.
1510 2050 1613 2102 Ms.
1690 2048 1886 2099 Milium
1941 2046 2103 2097 fuisse
2156 2047 2359 2097 scribit.

1298 2127 1531 2179 Plautin.
1561 2142 1593 2177 e
1621 2128 1846 2179 Ptolem.
1865 2126 1951 2177 bic
1974 2125 2140 2176 edidit
2165 2126 2355 2176 Edutii.
2405 2194 2412 2199 ἢ

1297 2207 1415 2256 Inde
1434 2221 1630 2271 quoque,
1666 2220 1758 2271 pro
1797 2220 1898 2270 quo
1936 2206 2089 2253 Voss.
2124 2203 2190 2254 ad
2223 2204 2360 2254 Veii.

1296 2297 1360 2334 u.
1403 2288 1452 2333 6.
1500 2284 1584 2334 bic
1625 2283 1806 2347 reponi
1851 2281 2011 2345 jubet
2049 2282 2269 2344 undique,
2307 2281 2360 2330 in

1294 2360 1439 2409 nullo
1456 2360 1656 2423 scripto
1678 2367 1770 2409 aut
1790 2360 1933 2409 edito
1953 2358 2145 2408 inveni.

1362 2436 1604 2499 Perpetua
1654 2434 1917 2499 qaindecim
1968 2433 2168 2482 millium
2197 2431 2358 2497 som]

1297 2514 1481 2580 Opera
1501 2513 1748 2564 militaria
1759 2528 1862 2563 non
1877 2511 2127 2562 imitanda
2142 2510 2327 2561 nostris
2342 2526 2358 2559 ε

1301 2593 1448 2656 quale
1470 2591 1572 2641 fuit
1594 2606 1737 2657 supr.
1759 2596 1812 2653 4,
1836 2595 1885 2652 2,
1909 2593 1989 2639 89.
2025 2588 2245 2638 Freinsh.

1366 2669 1620 2732 Postquam
1664 2674 1878 2718 extrem
1925 2665 2115 2716 barbari
2173 2663 2360 2727 videat]

1299 2745 1556 2809 Exempla
1600 2742 1973 2809 propemodum
2023 2739 2250 2790 intinita-
2278 2754 2362 2789 re-

1298 2821 1471 2886 perias
1520 2836 1716 2885 eorum,
1761 2820 1850 2886 qui
1901 2819 2198 2869 libertatem
2252 2816 2362 2867 vita

1298 2900 1668 2950 redemerunt:
1704 2905 1765 2948 ut
1800 2898 1985 2947 merito
2019 2895 2216 2960 pudeat
2248 2908 2360 2955 eos,

1302 2976 1387 3040 qui
1408 2976 1637 3026 honestis
1654 2983 1710 3025 et
1726 2974 1962 3026 facilibus
1983 2972 2224 3024 remediis
2247 2987 2362 3022 eam

1300 3060 1543 3117 repetere
1558 3066 1661 3102 non
1678 3051 1955 3102 sustinent.
1988 3050 2069 3100 De
2082 3049 2360 3100 Cantabris

1298 3137 1471 3179 autem
1511 3128 1586 3178 his
1627 3127 1732 3178 vid.
1766 3125 1936 3177 Strab.
1966 3125 2057 3180 lib.
2078 3130 2126 3176 8.
2167 3141 2221 3192 p.
2245 3129 2358 3176 118.

1299 3207 1448 3257 Idem.

1364 3284 1503 3334 Inter
1519 3284 1699 3349 epulus]
1740 3283 1893 3347 Supr.
1917 3286 1969 3344 2,
1990 3286 2073 3343 18,
2095 3285 2174 3331 12.
2206 3279 2359 3329 Ideni.

1366 3362 1448 3411 Ea:
1477 3360 1722 3411 arboribus
1754 3358 1933 3421 taxeis]
1989 3358 2075 3408 Ita
2109 3357 2237 3407 Mss-
2274 3357 2363 3405 Vi-

1297 3441 1427 3503 neti,
1447 3453 1547 3491 nec
1559 3455 1664 3492 non
1679 3440 1812 3491 Pall.
1833 3446 1890 3490 et
1912 3456 1959 3491 v.
1979 3455 2027 3490 e.
2053 3438 2166 3488 aliae
2185 3443 2362 3486 tamen
2447 3464 2462 3477 κ

1297 3519 1446 3569 taxis.
1491 3519 1644 3568 Grut.
1705 3519 1876 3568 Taxus
1900 3524 2074 3567 autem
2100 3514 2253 3564 arbor
2277 3527 2361 3561 ve·

1298 3606 1505 3647 nenata.
1586 3595 1708 3647 vid.
1749 3596 1970 3645 Aristot.
2007 3591 2112 3655 περὶ
2148 3596 2362 3650 Θαυμασ.

1296 3671 1644 3737 'Movenda-un,
1712 3686 1828 3736 cap.
1866 3683 2063 3719 nxxm.
2128 3667 2145 3695 ‘
2181 3666 2364 3715 Letale

1301 3752 1499 3817 quippe
1524 3749 1718 3810 baccis,
1732 3748 1786 3796 in
1809 3744 2063 3808 Hispania
2080 3739 2367 3805 praecipue,

1300 3842 1554 3878 venenum
1576 3827 1730 3875 inest.
1797 3825 1940 3873 Vasa
1961 3821 2119 3870 etiam
2142 3816 2365 3867 viatoria

1298 3904 1535 3969 [legerim
1553 3899 1775 3964 moria]
1793 3915 1860 3949 ex
1884 3911 1947 3947 ea
1965 3896 2093 3946 vinis
2115 3895 2167 3944 in
2190 3893 2366 3944 Gallia

1300 3981 1461 4044 facta,
1510 3976 1781 4030 mortifera
1826 3976 1984 4026 fuisse
2036 3978 2363 4037 compertum

1301 4066 1399 4109 est.
1432 4057 1585 4107 Hanc
1606 4053 1805 4105 Sestius
1823 4052 2088 4104 smilacem
2112 4065 2143 4100 a
2160 4048 2365 4099 Gracia

1305 4133 1480 4184 vocari
1504 4131 1635 4181 dixit
1660 4148 1674 4180 ι
1709 4136 1765 4179 et
1788 4143 1904 4179 esse
1927 4128 1978 4177 in
2003 4124 2231 4177 Arcadia
2256 4130 2365 4174 tam

1305 4208 1577 4275 praesentis
1601 4205 1806 4269 veneni,
1836 4212 1898 4256 ut
1928 4204 2014 4270 qui
2037 4199 2366 4255 obdormiant

1302 4286 1399 4337 sub
1431 4301 1516 4350 ea,
1538 4284 1776 4335 cibumve
1810 4282 2041 4347 capiant,
2062 4278 2366 4330 moriantur.

1304 4366 1440 4427 Sunt
1483 4366 1571 4434 qui
1615 4372 1673 4416 et
1721 4363 1898 4415 taxica
1934 4362 2053 4414 binc
2102 4357 2365 4425 appellata

2617 4828 2812 4852 ἑ,
