2950 4892
617 424 683 479 ι..
728 422 987 479 ,mum
1036 424 1258 478 nom
1309 392 1453 478 Lm.
1505 428 1605 481 ιν.
1651 423 1811 480 ιω».
1854 414 1920 482 ’7.

191 566 302 623 buit
316 577 476 637 caput
488 571 523 624 ε’
546 571 1001 637 amentissimum
1013 571 1239 636 praebnioe

192 656 247 715 et
269 663 445 699 verum
466 662 579 700 esse
598 657 745 713 puto.
768 648 915 701 Salat.
966 647 1242 710 Coafodien-

193 727 299 775 dun
314 724 519 790 prebuit
542 725 691 791 latas]
724 725 811 777 Sic
834 742 883 777 ο.
906 727 1045 778 Pell.
1068 733 1125 778 et
1152 726 1245 776 im·

194 802 356 864 pressi
386 801 645 868 plerique.
709 802 874 854 Paulo
910 809 1071 854 aute.
1106 804 1123 832 ‘
1140 802 1246 853 An-

193 875 462 927 sereudum
505 878 731 942 prebuit
774 877 975 943 caput!
1029 878 1247 931 Freinsh-

198 952 560 1013 (Io-fodiendam
579 954 727 1006 abest
749 969 780 1005 a
796 955 904 1005 sola
923 969 968 1007 e.
991 969 1038 1007 v.
1058 968 1249 1005 sacrans

193 1045 225 1079 a
247 1031 397 1082 Fran.
421 1045 516 1096 pro
539 1045 638 1097 quo
660 1032 714 1083 in
738 1032 902 1097 Magl.
926 1031 1098 1084 fuerat
1131 1031 1247 1083 soci

193 1122 339 1173 sm,
389 1108 482 1159 scd
527 1108 776 1163 deletum.
851 1110 918 1161 In
971 1109 1250 1162 referenda

193 1191 357 1236 morte
379 1186 607 1250 nonnihil
627 1185 826 1237 variant
845 1186 1153 1253 Scriptores.

255 1265 300 1326 ς.
320 1268 380 1314 15
414 1264 497 1313 Aa
526 1263 744 1313 titinium
780 1278 871 1314 m
904 1265 1002 1314 suis
1040 1264 1251 1315 munitm

191 1339 318 1403 usos]
370 1339 509 1404 Lips-
543 1340 802 1392 malebatz
848 1342 912 1391 ad
952 1341 1122 1390 minu
1160 1355 1252 1391 m

193 1417 288 1465 seis
318 1415 535 1466 mnibus
573 1430 697 1469 usos.
762 1418 889 1467 Mox
924 1417 1057 1468 bene
1092 1417 1250 1469 Grut.

195 1493 389 1544 delevit
410 1499 687 1558 negantem
709 1496 1030 1561 particulam,
1047 1494 1254 1546 firman-

195 1576 248 1619 te
269 1570 571 1633 Ryckiano:
603 1571 699 1621 nisi
731 1572 816 1623 hoc
849 1588 1029 1638 quoque
1058 1588 1121 1624 ex
1146 1588 1252 1638 per·

194 1647 403 1696 naaion
439 1647 611 1709 defait.
661 1647 839 1700 Graev.
923 1650 1155 1701 Freinsb.
1201 1651 1254 1699 in

193 1721 307 1772 Ind.
363 1725 445 1773 Aa
486 1723 704 1774 &mum
770 1726 1006 1791 exponit,
1054 1734 1254 1792 postre-

191 1814 289 1850 mo.
356 1798 475 1851 Hoc
498 1800 575 1850 ita
608 1817 748 1866 saepe
773 1804 1020 1856 sumitur:
1059 1804 1151 1854 sed
1172 1804 1255 1855 hic

193 1877 389 1926 nullum
411 1890 616 1928 sensum
638 1879 813 1931 habet.
879 1880 1064 1946 Itaque
1098 1881 1255 1931 etiam

193 1951 389 2003 ibidem
425 1955 740 2019 probabilius
776 1958 1068 2022 suspicetur
1101 1959 1117 1986 ‘
1143 1958 1256 2007 ulti·

196 2043 330 2079 mum
348 2029 364 2051 '
401 2029 455 2080 b.
479 2031 514 2080 l.
554 2031 674 2095 poni
715 2046 812 2096 pro
850 2042 1034 2083 morte.
1119 2033 1255 2083 Puto

197 2120 372 2156 veram
394 2122 511 2157 esse
546 2107 894 2172 conjecturam
919 2109 1101 2176 Lipsii.
1174 2110 1258 2158 Ul·

195 2185 312 2233 tr’m
358 2199 457 2248 pro
501 2190 664 2234 morte
702 2185 846 2249 Virg.
882 2185 996 2235 AEn.
1034 2199 1095 2235 ιι.
1140 2191 1254 2237 446.

194 2263 209 2288 ⁴
232 2261 459 2315 Quando
497 2261 677 2311 ultima
712 2262 979 2311 cernunt:'
1016 2272 1073 2311 ut
1113 2268 1127 2291 ‘
1153 2262 1256 2311 Ex·

197 2337 399 2388 trema'
420 2353 560 2402 supr.
582 2352 654 2388 lv.
678 2343 727 2388 2.
750 2342 830 2388 88.

263 2415 392 2465 Nisi
407 2417 451 2464 si
472 2415 556 2464 hoe
576 2429 754 2478 quoque
773 2430 835 2464 ea·
859 2416 1159 2479 persuasione
1178 2417 1256 2465 de-

184 2488 316 2554 fuit]
353 2492 441 2541 Sic
461 2506 669 2555 prorsus
693 2506 740 2541 v.
760 2506 805 2542 e.
830 2499 887 2542 ut
909 2494 1034 2542 velit
1054 2494 1150 2542 hoc
1174 2492 1260 2542 de·

197 2566 358 2619 fuisse
380 2568 506 2633 ipsis
530 2583 594 2618 ex
626 2577 783 2620 sectae
816 2570 1005 2620 Stoicae
1029 2568 1258 2633 discipli·

198 2658 283 2707 na,
305 2660 412 2695 non
435 2645 569 2710 quod
594 2660 696 2696 uon
715 2646 999 2696 auderent:
1039 2646 1258 2710 vulgati,

194 2722 289 2771 nist·
305 2723 397 2771 hoe
407 2737 583 2786 quoque
597 2738 658 2772 ex
668 2724 964 2785 persuasione
979 2737 1069 2771 non
1080 2720 1231 2782 defuit
1242 2737 1259 2770 .·

196 2797 461 2861 quomodo
480 2796 683 2862 quidem
702 2799 815 2849 Pal.
834 2803 882 2849 3.
899 2797 989 2848 sed
1009 2812 1105 2847 uon
1129 2804 1175 2847 1.
1200 2813 1261 2847 ac

197 2876 248 2921 2.
285 2873 440 2922 Gne.
509 2874 621 2923 Noa
647 2873 798 2936 defuit
831 2874 979 2924 estin
998 2889 1047 2926 o.
1071 2888 1118 2924 e.
1145 2880 1263 2938 post

197 2951 441 3015 primam.
506 2949 565 2999 Si
581 2959 700 3014 post
720 2952 736 2979 ⁴
757 2950 855 2999 nisi
869 2950 886 2973 ’
903 2963 1150 3015 nusquam
1171 2949 1262 2999 de·

198 3035 298 3090 est,
314 3029 416 3077 nisi
434 3027 485 3075 in
508 3026 672 3092 Ryck.
688 3028 835 3077 Voss.
849 3031 897 3077 2.
917 3032 966 3076 8.
980 3036 1035 3078 et
1053 3026 1263 3076 Edd.B.

198 3113 250 3154 et
269 3105 337 3154 P.
363 3119 462 3154 nec
485 3112 563 3154 est
586 3120 678 3155 cnr
702 3105 932 3155 tolletur.
959 3105 1070 3155 Liv.
1086 3118 1161 3155 vr.
1179 3108 1262 3161 26,

196 3184 213 3207 ⁸
240 3182 364 3232 Nisi
384 3182 425 3230 si
445 3181 648 3246 quando
670 3196 701 3231 a
721 3182 879 3240 vobis,
903 3194 1103 3245 proque
1120 3180 1265 3229 vobis

204 3273 346 3309 erma
377 3258 701 3323 accepimus!
751 3259 950 3309 Colum.
971 3272 1010 3308 1.
1031 3262 1078 3307 7.
1112 3258 1127 3284 ‘
1148 3256 1265 3307 Nisi

200 3336 242 3384 si
266 3335 500 3385 maxima
524 3336 601 3383 vel
638 3334 955 3399 negligentia
992 3333 1147 3393 servi,
1182 3333 1266 3382 vel

202 3412 471 3476 rapacitas
506 3411 826 3461 intervenit!
893 3410 1029 3459 Flor.
1067 3422 1150 3459 ιιι.
1187 3413 1263 3459 17·.

203 3489 383 3538 Multa
422 3489 680 3551 congessit
723 3487 899 3542 Heius,
940 3485 1005 3535 ad
1043 3485 1143 3536 Ov.
1165 3486 1266 3550 Ep.

203 3564 418 3615 Puaedr.
443 3580 516 3614 vs.
540 3568 650 3614 111.
683 3563 879 3613 Tollius
914 3561 1064 3626 legit,
1085 3577 1147 3612 ex
1162 3576 1269 3624 per·

201 3642 421 3690 macione
430 3638 556 3699 fuit.
622 3639 860 3702 Recepta
878 3636 1030 3687 lectio
1048 3651 1148 3686 uon
1165 3651 1270 3685 mu·

205 3716 375 3766 tanda
400 3714 624 3779 videtur,
644 3716 792 3779 cnjus
808 3714 941 3764 hauc
958 3714 1270 3764 seutentiam

207 3808 327 3847 esse
354 3803 514 3861 puto:
551 3793 663 3844 Nisi
684 3791 843 3857 forte,
873 3793 976 3842 etsi
1008 3790 1270 3843 existima-

206 3871 361 3934 bant,
397 3869 615 3921 cuilibet
634 3871 795 3920 licere
818 3869 966 3931 mori,
992 3882 1148 3935 quum
1170 3882 1271 3918 non

211 3956 356 3999 esset
376 3962 469 3997 eur
494 3946 653 3997 vellet
687 3945 879 4008 vivere,
906 3945 959 3993 iu
993 3959 1057 3995 eo
1078 3945 1143 3995 ab
1168 3945 1275 4007 opi·

208 4026 371 4075 niune
414 4025 630 4074 aliorum
672 4022 963 4073 Stoicorum
1021 4022 1274 4075 dissense-

212 4110 361 4164 runt,
396 4101 530 4167 quod
554 4105 805 4164 putarunt
832 4112 936 4149 non
959 4099 1277 4148 consciscen-

209 4180 337 4229 dam
378 4192 492 4229 esse
532 4179 639 4227 suis
676 4178 907 4227 manibus
941 4190 1141 4239 necem,
1186 4175 1275 4226 sed

214 4256 393 4305 alieno
414 4254 703 4304 ministerio
736 4253 801 4304 ad
837 4268 951 4304 eam
988 4268 1095 4303 rem
1132 4260 1277 4302 uten-

1315 576 1520 622 tautur:
1553 573 1657 625 Eos
1690 588 1794 625 non
1817 574 2039 626 voluisse
2077 576 2185 627 suis
2225 577 2387 628 maui-

1317 647 1414 699 bus
1436 648 1532 714 uti,
1566 664 1631 699 ex
1653 650 1928 715 disciplina
1961 657 2018 702 et
2044 654 2384 718 persuasione

1318 732 1479 776 sectae
1498 726 1713 791 Stoica,
1725 738 1840 793 quae
1863 727 1963 778 sibi
1984 742 2164 779 manns
2188 728 2381 779 inferre

1319 801 1607 866 probibeat.
1673 802 1775 853 Sed
1798 802 1895 855 boc
1912 803 2190 869 disciplina
2206 804 2385 856 Stoica

1319 891 1422 929 uon
1446 878 1776 944 prohibebat.
1841 879 1963 931 vid.
1997 880 2141 944 Lips.
2164 880 2383 933 Manud.

1322 956 1388 1006 ad
1427 956 1588 1007 Stoic.
1625 955 1922 1022 Philosoph.
1940 971 2026 1008 111.
2066 962 2150 1009 22.
2181 965 2238 1009 et
2269 960 2385 1010 Me·

1323 1046 1442 1098 neg.
1482 1033 1548 1084 ad
1593 1033 1770 1085 Laert.
1804 1047 1904 1084 vu.
1943 1037 2054 1085 130.
2132 1033 2238 1084 Sed
2280 1049 2384 1086 non

1324 1109 1450 1174 scio,
1472 1124 1627 1176 quam
1650 1117 1798 1161 recte
1814 1111 1995 1161 Florus
2018 1111 2223 1178 utrique
2245 1108 2385 1163 esm‘-

1325 1186 1442 1237 dem
1461 1187 1839 1253 persuasionem
1857 1189 2070 1239 tribuat.
2106 1189 2244 1240 Nam
2258 1190 2388 1241 Bru·

1327 1271 1411 1315 tus
1430 1264 1644 1327 Stoicae,
1680 1265 1887 1316 Cassius
1910 1266 2185 1331 Epicureae
2224 1274 2386 1318 secta

1327 1340 1569 1392 addictus
1591 1348 1737 1392 erat:
1773 1342 2057 1407 Epicurum
2092 1351 2266 1394 autem
2286 1344 2386 1395 hoc

1326 1433 1429 1469 non
1453 1418 1596 1469 valde
1621 1417 1868 1483 probasse
1906 1419 2124 1484 intelligi
2158 1429 2336 1485 potest
2355 1436 2388 1471 e

1329 1494 1505 1545 Laert.
1543 1506 1598 1544 x.
1639 1498 1751 1544 126.
1789 1500 1847 1545 et
1882 1509 2024 1563 seqq.
2065 1497 2387 1562 Quamquam

1328 1570 1624 1635 Lucretius,
1640 1576 1697 1620 et
1715 1571 1828 1635 ipse
1846 1572 2152 1638 Epicureus,
2171 1587 2258 1624 111.
2272 1578 2389 1625 961.

1329 1647 1537 1697 minime
1561 1647 1895 1712 reprehendit
1916 1663 2023 1714 eos,
2053 1650 2141 1715 qui
2163 1650 2263 1715 ipsi
2292 1651 2389 1701 sibi

1328 1723 1483 1774 finem
1507 1724 1628 1774 vitae
1652 1722 1868 1775 faciunt.
1938 1725 2296 1779 Por-suasiones·
2315 1726 2384 1777 de

1330 1799 1655 1865 opinionibus
1679 1807 1734 1849 et
1757 1800 2028 1852 sententiis
2050 1801 2390 1868 Philosopho-

1332 1892 1443 1927 rum
1462 1875 1622 1927 etiam
1639 1876 1950 1930 Quintilian.
1972 1877 2098 1929 dicit
2119 1892 2219 1930 ιιι.
2255 1879 2388 1932 lust.

1330 1954 1425 2004 Or.
1447 1958 1497 2004 2.
1528 1954 1543 1979 ‘
1565 1952 1670 2006 Qui
1693 1954 1834 2004 velut
1850 1961 2173 2006 sacramento
2194 1956 2358 2020 rogati
2380 1974 2405 2018 ς

1332 2029 1412 2079 vel
1432 2029 1594 2079 etiam
1611 2030 1981 2094 superstitione
2001 2032 2287 2094 constricti,
2306 2046 2393 2082 ne·

1331 2106 1410 2157 fas
1444 2107 1644 2157 ducunt
1666 2121 1696 2156 a
1719 2117 1963 2171 suscepte
1994 2109 2162 2158 semel·
2185 2123 2395 2172 persua-

1330 2184 1472 2234 sione
1496 2183 1794 2235 discedere.'
1863 2185 1993 2235 Nem
2013 2184 2168 2234 estin
2194 2183 2393 2233 {iniver-

1330 2277 1441 2312 sum
1466 2269 1707 2312 constans
1750 2261 1815 2311 de
1853 2262 2032 2327 aliqua·
2059 2276 2114 2312 re
2139 2262 2219 2311 vel
2244 2262 2391 2310 unius

1333 2338 1414 2387 vel
1469 2337 1695 2402 plurium
1748 2336 1940 2401 opinio.
2029 2337 2178 2387 Idem
2227 2352 2294 2395 v..
2317 2341 2395 2389 lt.

1331 2414 1349 2442 ‘
1372 2414 1540 2476 Vulgo
1562 2413 1725 2474 dicta,
1745 2422 1800 2464 et
1825 2420 2040 2477 recepta
2062 2414 2396 2477 persuasione

1331 2489 1608 2555 populari.’
1677 2489 1745 2539 Et
1769 2489 1896 2540 ibid.
1928 2492 1944 2519 ‘
1969 2490 2164 2538 Earum
2186 2504 2397 2557 persue-

1331 2567 1406 2616 sio
1428 2566 1712 2630 nationum,
1734 2580 1848 2630 quae
1868 2564 2079 2626 fletibus
2099 2573 2266 2627 natos,
2308 2566 2395 2615 lae-

1333 2644 1451 2694 titia
1473 2641 1747 2694 defunctos
1771 2641 2187 2707 persequuntur!
2258 2641 2396 2692 Add.

1332 2721 1455 2770 Tac.
1479 2718 1545 2769 G.
1569 2732 1695 2768 xcv.
1721 2720 1864 2768 Suet.
1881 2717 1993 2767 Tib.
2010 2730 2161 2768 uix.
2185 2724 2240 2767 et
2257 2717 2394 2767 Vali.

1334 2810 1386 2845 ν.
1421 2796 1661 2859 Elegaut.
1681 2798 1764 2844 80.

1401 2873 1460 2923 In
1481 2871 1756 2935 abolitiom]
1784 2872 1849 2922 In
1872 2879 2039 2922 morte
2057 2872 2154 2922 sibi
2175 2873 2398 2922 conscis-

1336 2950 1519 3013 cenda,
1556 2949 1834 3007 edmanus
1863 2949 1958 2998 sibi
1994 2947 2306 3009 inferendas,
2341 2956 2398 2999 et

1338 3027 1533 3075 animas
1555 3040 1584 3074 e
1614 3038 1831 3089 corpore
1864 3024 2213 3089 expellendas.
2280 3026 2398 3085 Hoc

1337 3101 1461 3155 satis
1502 3100 1766 3165 turgidum
1805 3107 1902 3151 est.
1935 3101 2051 3152 Val.
2075 3102 2153 3152 ΡΙ.
2178 3116 2262 3153 ιιι.
2285 3106 2400 3151 448.

1340 3181 1447 3233 alie
1462 3180 1722 3230 sententia
1742 3196 1757 3229 ι
1790 3184 1805 3209 ‘
1823 3180 1929 3242 Ite,
1946 3181 2182 3245 peremti,
2199 3181 2278 3232 Ac
2297 3193 2404 3230 me·

1339 3274 1507 3310 mores
1541 3259 1749 3309 abolete
1783 3259 2011 3310 animas:
2048 3260 2156 3311 sint
2186 3261 2296 3311 otia
2318 3275 2405 3311 vo·

1340 3335 1440 3399 bis,
1462 3335 1542 3387 Ac
1565 3335 1761 3401 Stygiae
1773 3337 1886 3402 jem
1910 3337 2049 3387 sedis
2071 3338 2248 3388 amor!

1404 3408 2125 3478 Piissimmmqueunimuium]
2159 3415 2403 3480 Optimus

1340 3489 1468 3539 Cod.
1487 3490 1923 3555 pietatissimarnm,
1958 3507 2055 3556 pro
2084 3492 2405 3556 pientissimu-

1338 3581 1445 3615 rum
1456 3582 1477 3625 ,-
1510 3581 1608 3616 nec
1629 3566 1780 3617 aliter
1798 3581 1863 3617 ex
1884 3568 1988 3618 suis
2013 3568 2156 3617 libris
2178 3570 2402 3632 optimus

1342 3644 1575 3692 Vinctus.
1619 3643 1768 3694 Salui.
1836 3642 1942 3693 Am
1980 3644 2406 3708 pientissimorum·

1341 3733 1462 3782 quw,-
1495 3718 1586 3769 sed
1605 3719 1747 3782 prius
1764 3718 1923 3768 hebet
1942 3733 1990 3768 v.
2008 3734 2054 3769 e.
2072 3726 2128 3768 et
2142 3719 2402 3767 nonnullae

1343 3795 1476 3858 sna»,
1521 3795 1646 3844 item
1687 3794 1792 3844 duo
1845 3793 1984 3843 Pali.
2027 3793 2224 3858 quippe
2273 3793 2402 3843 Nat.

1339 3871 1860 3935 pacatissimas-umque.
1893 3867 2048 3919 Grut.
2113 3869 2404 3933 Utrumque

1340 3948 1663 4013 pientissimus
1684 3953 1739 3997 et
1757 3946 2001 4010 piissimus
2023 3953 2170 3996 recte
2196 3946 2315 4007 dici,
2337 3962 2404 4003 cx

1344 4023 1766 4089 inscriptionibus
1803 4022 2021 4073 vetustis
2055 4022 2285 4073 ostendit
2318 4024 2407 4072 Vi-

1346 4109 1499 4153 netus
1538 4100 1590 4154 h.
1621 4102 1657 4152 1.
1695 4099 1912 4155 Freinsh.
1995 4099 2408 4154 pientissimorum

1346 4185 1431 4229 est
1466 4179 1535 4228 in
1557 4178 1670 4229 aliis
1692 4183 1823 4229 vett.
1846 4174 1967 4227 edd.
2035 4175 2099 4226 In
2121 4176 2327 4240 scriptis
2352 4176 2406 4231 id

1348 4268 1448 4304 nou
1468 4254 1657 4304 inveni.
1715 4252 1984 4303 Ciceronis
2002 4258 2160 4303 aetete
2177 4254 2267 4301 et‘
2288 4250 2410 4316 piis-

212 4332 363 4384 dum.
449 4332 709 4383 Gruterus
751 4337 805 4382 et
842 4330 992 4386 Anna
1029 4332 1280 4397 interpre-
1351 4330 1545 4397 simus‚’
1568 4340 1624 4384 et
1651 4328 2069 4400 ‘pientissimus‘
2084 4342 2218 4387 nova
2237 4319 2408 4385 eruit

2201 416 2402 484 1043·
2457 420 2464 425 ’
