2950 4892
535 378 708 447 118⁰
1201 389 1590 443 nncsusus
1642 392 2078 444 nnn-ionum

532 551 701 617 salis
727 548 979 639 (Lond.
1000 549 1198 616 1701-.
1223 548 1357 615 vol.
1390 564 1439 613 ι.
1467 568 1536 633 p.
1562 544 1708 635 84.)
1730 553 1908 616 recte
1935 549 2318 623 sehabeat.
2405 548 2718 629 meddm

529 675 692 721 vero
732 676 855 727 nos
884 654 1285 730 dubitarim&
1317 652 1565 737 quibus
1595 653 1668 718 in
1707 651 2256 737 praeeedentibus
2295 654 2640 736 catalogis,
2663 660 2722 718 et

530 758 950 827 bibliothecis
985 755 1303 843 pretiosis
1335 760 1404 820 et
1436 755 1706 839 amplis,
1732 755 2017 840 hujusce
2050 755 2373 822 editionis
2399 756 2720 841 exemphr

528 880 663 928 non
695 862 981 943 contigit
1006 859 1331 925 invenire.
1422 856 1690 941 Neque,
1713 863 1792 922 ut
1815 858 2053 943 liquet,
2082 860 2322 925 eadem
2351 880 2506 925 esse
2525 862 2725 944 pouit

527 983 731 1049 quam
756 985 845 1030 ex
880 964 1266 1050 conjectura
1291 963 1463 1028 inter
1490 958 1750 1026 Italicas
1776 962 2115 1029 editiones
2140 965 2338 1049 ponit
2366 963 2720 1030 Audisti-edi

528 1068 714 1133 circa
740 1086 802 1133 a.
831 1067 1027 1133 1480.

544 1194 559 1204 ·
613 1171 797 1237 Inter
845 1172 1176 1237 editiones
1220 1168 1520 1235 Venetas
1570 1187 1730 1235 saec.
1793 1184 1925 1235 xv,
1973 1170 2330 1255 Bipontini
2397 1174 2722 1236 numerant

526 1274 761 1341 Venet.
817 1276 1010 1341 1491.
1070 1276 1186 1340 fol.
1236 1272 1413 1338 Ven.
1480 1272 1676 1336 1497.
1724 1272 1836 1337 fol.
1883 1280 1955 1338 et
2008 1274 2190 1338 Ven.
2246 1275 2396 1340 sine
2459 1295 2584 1341 ω).
2623 1275 2716 1340 sol.

525 1380 682 1444 min.
752 1379 934 1444 Frid.
965 1378 1347 1456 FischeruS,
1372 1378 1442 1440 in
1466 1375 1674 1440 Praef.
1695 1397 1764 1460 p.
1787 1392 1958 1441 xxi.
1975 1379 2249 1442 easdem
2272 1380 2382 1444 sic
2409 1388 2720 1456 numerat,

524 1483 717 1549 1493.
735 1483 851 1548 fol.
875 1503 994 1567 per
1016 1482 1188 1547 Phil.
1214 1481 1546 1558 Pincium‚
1567 1479 1762 1545 1494.
1789 1481 1906 1545 fol.
1928 1482 2129 1547 1497.
2153 1481 2272 1547 fol.
2301 1483 2455 1548 sine
2475 1482 2716 1547 nomine

522 1585 799 1651 librarii.
873 1584 1093 1650 Addit
1134 1606 1292 1651 vero
1320 1583 1423 1649 vir
1467 1583 1555 1648 cl.
1599 1588 1619 1616 ‘
1651 1583 1785 1647 Sed
1820 1591 1895 1650 ut
1922 1584 2096 1650 hauc
2136 1588 2234 1669 [n.
2267 1586 2718 1651 Mediolanen-

523 1710 690 1768 sem,
710 1710 916 1774 quam
941 1697 1143 1755 antea
1170 1686 1543 1768 notaverat]
1572 1688 1900 1770 ignoravit
1929 1688 2300 1755 editionem
2331 1691 2611 1767 Saxius,
2639 1692 2722 1755 ita

522 1813 643 1858 nec
666 1795 880 1877 ,nobis
931 1801 1212 1878 quatuor
1259 1793 1413 1857 illas
1464 1790 1762 1876 [adjecta
1810 1790 2126 1859 Romana
2170 1793 2478 1859 editione
2519 1792 2720 1872 1472]

521 1896 821 1981 reliquas
852 1898 1132 1980 contigit
1159 1893 1432 1961 videre!

610 2001 719 2064 De
749 2000 1019 2065 Aldinis
1047 2000 1457 2065 editionibus
1491 1997 1860 2063 Fischerus
1889 1998 2164 2064 multum
2195 2001 2521 2084 queritur,
2545 2015 2614 2065 et
2637 2002 2718 2064 rei

517 2101 824 2168 literariae
872 2108 1201 2168 amatores
1243 2109 1495 2180 monet,
1543 2104 1568 2135 ³
1592 2101 1792 2168 etiam
1825 2107 2028 2187 atque
2055 2104 2266 2168 etiam
2309 2122 2466 2169 aese
2495 2124 2718 2169 caven·

519 2202 703 2282 dum,
733 2225 817 2269 ne
846 2206 1156 2270 omnibus
1188 2211 1436 2270 temere
1460 2203 1726 2269 Aldinis
1750 2205 2162 2271 editionibus
2193 2214 2558 2272 auctorum
2579 2208 2719 2272 utri-

520 2327 736 2393 usque
765 2309 1006 2391 linguae
1037 2309 1312 2375 nimium
1342 2308 1680 2374 tribuant.’
1767 2308 1971 2375 Praef.
2018 2332 2088 2396 p.
2123 2327 2420 2376 xxvm.
2525 2312 2592 2378 N
2595 2318 2720 2377 etat

519 2430 722 2475 unam
752 2411 1105 2478 editionem
1135 2410 1292 2476 Ald.
1323 2411 1553 2476 formae
1578 2413 2014 2496 octopartitae
2040 2414 2188 2479 sine
2213 2435 2435 2493 anno;
2485 2416 2718 2502 Bipon·

518 2513 639 2578 tini
687 2513 953 2580 Livium
992 2536 1146 2580 cum
1179 2516 1384 2580 Floro
1431 2516 1476 2580 2
1505 2516 1638 2580 vol.
1668 2514 1792 2581 sol.
1827 2518 2232 2584 1520-1521.
2321 2519 2408 2583 In
2438 2518 2719 2584 Annales

519 2617 602 2681 de
652 2618 1119 2703 l’Imprimerie
1169 2619 1291 2685 des
1338 2617 1517 2685 Alde
1557 2625 1830 2686 notatur
1878 2622 2111 2701 etiam,
2165 2629 2331 2688 tom.
2376 2639 2423 2687 1.
2483 2645 2551 2708 p.
2579 2622 2712 2689 156.

521 2718 761 2788 Florus
788 2722 859 2786 in
886 2722 1040 2789 svo.

604 2824 954 2892 Editiones
980 2832 1331 2912 sequentes
1358 2848 1402 2892 a
1422 2816 1814 2913 'Bipontinis
1843 2848 1980 2894 non
2011 2836 2442 2895 recensentur
2461 2851 2568 2895 :—

606 2926 799 2993 Lucii
835 2926 1015 2996 Flori
1046 2932 1381 3016 Epitome,
1415 2937 1537 2997 &c.
1583 2933 1737 2998 Svo.
1771 2933 1964 2998 1541.
2004 2931 2183 2997 Ven.

602 3029 860 3097 Rerum
909 3034 1366 3100 Romanarum
1412 3036 1750 3119 Epitome,
1778 3038 1897 3099 &c.
1951 3034 2202 3099 edente
2235 3034 2444 3099 Dion.
2475 3034 2712 3101 Gotho-

513 3132 725 3211 stedo,
772 3135 982 3202 Basil.
1014 3139 1210 3203 1590.
1241 3143 1311 3204 et
1340 3136 1549 3203 Antv.
1571 3137 1761 3202 1600.
1790 3138 1948 3203 Svo.
1983 3137 2309 3204 Biblioth.
2345 3138 2544 3203 Bodl.

601 3235 854 3303 Rerum
903 3239 1357 3306 Romanarum
1412 3240 1596 3305 Libri
1627 3255 1730 3304 ιν.
1759 3243 1881 3305 &c.
1942 3237 2322 3306 Amstelod.
2355 3240 2549 3308 1630.
2571 3227 2740 3307 sm?

515 3335 700 3404 Mus.
732 3340 902 3407 Brit.
1444 3354 1453 3362 '

598 3440 840 3509 Florus
868 3451 936 3510 et
964 3445 1341 3531 AmpeliuS,
1373 3447 1652 3514 Cantab.
1683 3447 1883 3525 1667.
1914 3447 2142 3513 12mo.

598 3545 677 3612 L.
707 3545 944 3614 Annaei
979 3549 1165 3616 Flori
1194 3551 1533 3639 Epitome‚
1552 3556 1671 3617 διο.
1696 3553 1767 3616 in
1789 3572 1982 3617 usum
2004 3551 2410 3617 Iuventutis
2438 3550 2716 3617 scholas-

503 3649 693 3719 ticoe.
726 3649 953 3718 Edidit
971 3651 1130 3721 Nic.
1155 3654 1383 3721 Titze:
1414 3656 1481 3719 in
1506 3654 1935 3719 Bibliotheca
1963 3653 2311 3735 Classica,
2342 3657 2550 3721 tomis
2575 3662 2716 3719 octo

508 3756 981 3842 complectenti
1039 3759 1380 3826 Auctores
1441 3758 1792 3824 Romanos
1849 3759 2207 3842 prosaicos
2266 3766 2338 3823 et
2397 3756 2716 3845 poeticos.

510 3854 699 3939 Huic
734 3860 1004 3927 editioni
1030 3863 1461 3948 praemittitur
1490 3863 1576 3927 ad
1611 3862 1912 3946 singulos
1938 3867 2257 3927 auctores
2289 3861 2715 3933 Introductio.

507 3965 575 4020 et
620 3970 795 4027 notae
842 3966 1099 4032 criticae
1124 3968 1211 4032 ad
1253 3966 1515 4032 calcem
1546 3964 1949 4052 adjiciuntur
1978 3986 2022 4030 a
2052 3965 2293 4030 Franc.
2328 3966 2495 4031 Nic.
2521 3964 2715 4029 Titne.

509 4056 768 4126 Linciae
790 4066 983 4132 1804.
1014 4069 1169 4134 Svo.
1217 4068 1411 4135 Tom.
1442 4086 1490 4134 1.
1538 4062 1815 4136 Floru'm
1843 4069 2338 4153 complectitur.

597 4161 922 4244 Ejusdem
957 4170 1454 4239 commentatio
1484 4174 1570 4238 de
1602 4173 1957 4257 Epitomes
1988 4171 2147 4237 Rer.
2183 4170 2390 4237 Rom.
2420 4191 2574 4254 quae
2600 4167 2714 4231 snb

505 4264 772 4328 nomine
803 4266 880 4329 L.
924 4268 1170 4339 Annaei
1211 4275 1418 4353 Flori,
1450 4296 1506 4339 s.
1539 4274 2087 4359 Senecae-fertur,
2124 4282 2324 4340 aetate
2370 4271 2716 4357 probabili,

509 4380 670 4435 Vero
696 4374 992 4447 auctore,
1025 4368 1245 4456 o'peris
1269 4379 1543 4471 antiqua
1571 4379 1804 4444 forma.
1840 4376 2012 4445 Ibid.
2045 4375 2244 4455 1804,
2277 4376 2432 4441 Svo.
