2950 4892
798 119 869 215 ,κ

671 362 736 410 ι..
785 359 1041 410 sunm
1092 359 1311 409 raom
1362 355 1504 408 mn.
1553 358 1604 407 1.
1652 351 1818 408 oar.
1864 342 1971 408 13.

262 517 387 568 grum
420 501 529 552 heic
567 501 790 565 bssatur.
867 500 986 552 Liv.
1018 500 1037 530 ‘
1054 499 1289 552 Additus

259 580 318 630 ab
351 578 588 628 insolente
634 576 792 627 Gallo
825 577 1042 641 ponderi
1078 576 1292 641 gladius,

258 651 503 720 auditaque
525 655 853 706 intoleranda
888 654 1135 706 Romanis
1168 667 1291 712 vox,

257 733 339 781 Va
363 730 541 782 victis?
574 730 678 781 Sal.
742 728 950 795 Superbe
967 731 1109 780 vietis
1139 730 1291 780 inere-

251 806 423 872 poeeat]
482 808 790 872 Eleganter,
845 819 947 857 uec
991 807 1147 857 aliter
1199 812 1291 857 aut

255 884 369 932 trias
386 882 515 934 Pali.
553 891 645 933 aut
678 883 806 934 Mas.
829 883 950 933 Vin.
983 884 1075 948 qui
1115 888 1290 934 tamen

250 959 458 1024 conjicit,
485 959 683 1024 superbe
701 974 774 1010 ooe
791 960 937 1010 vietis
956 961 1136 1025 ina-ep.
1154 957 1289 1010 frus·

253 1035 353 1084 trs:
403 1050 516 1085 nam
549 1035 657 1086 ista
692 1036 1290 1099 intelliguntur'tamen,

250 1111 457 1177 quamvis
499 1125 606 1161 non
650 1125 938 1175 expressa:
1011 1112 1123 1162 cusi
1175 1112 1289 1163 fere

247 1186 418 1248 superbe
433 1187 581 1236 victos
596 1202 616 1236 .-
646 1194 705 1237 at
726 1194 785 1237 et
807 1202 861 1238 v.
883 1203 930 1237 e.
953 1187 1175 1238 alterum
1197 1203 1290 1239 uo·

248 1269 391 1312 strum
407 1261 615 1314 retinet..
653 1263 811 1314 Gran·
864 1263 970 1320 Ero
987 1264 1197 1326 vulgata
1214 1270 1289 1315 ta-

247 1350 350 1387 men
366 1338 588 1389 lectione
626 1336 765 1389 forte
800 1339 872 1389 sit
900 1340 1047 1389 locus
1087 1339 1219 1390 Livii
1239 1344 1288 1392 9.

246 1417 292 1476 2,
328 1417 401 1462 15.
461 1416 479 1443 ‘
500 1414 760 1464 Laborem
811 1413 1034 1479 irritum,
1054 1412 1290 1479 ‘praeter-

245 1504 379 1554 quam
399 1490 532 1557 quod
571 1492 748 1543 hostes
790 1492 1019 1557 superbe
1052 1492 1288 1557 increpa·

243 1565 403 1617 bantx'
436 1574 494 1618 et
528 1568 709 1618 Plaut.
738 1567 972 1633 Amp'bit.
1010 1572 1058 1618 1.
1099 1574 1147 1629 l,
1168 1572 1286 1619 224.

243 1643 259 1670 ‘
281 1641 416 1694 Preti
457 1642 675 1707 virtute,
728 1652 786 1695 et
817 1644 1014 1695 viribus
1046 1644 1288 1710 Superbi,

241 1718 376 1768 nimis
394 1719 650 1771 ferociter
671 1720 873 1784 legatos
891 1727 1100 1771 nostros
1122 1722 1288 1771 inere*-

245 1797 392 1858 psnt.’
453 1796 538 1847 Ita
555 1797 799 1863 quidem,
826 1802 905 1859 nt,
941 1796 985 1845 si
1005 1796 1145 1846 vietis
1164 1796 1287 1847 reti·

242 1884 455 1937 neamus,
493 1872 676 1922 vineti
713 1871 1008 1922 emendatio
1057 1872 1287 1936 placeat,

242 1956 425 2000 metata
463 1950 674 2013 leviter,
692 1949 810 2014 ‘pro
851 1947 1060 2014 simerbe,
1095 1949 1287 2014 iaeoeaper

237 2037 303 2072 σο
336 2026 572 2089 legendo.
636 2025 723 2076 Fr.
812 2024 1037 2075 Βσάἰιιιιιι
1073 2025 1191 2074 Pal.
1234 2029 1285 2077 2.

238 2099 390 2166 Regg.
410 2102 577 2166 Magi.
594 2103 723 2151 Ber.
738 2102 927 2154 Duisb.
962 2101 1117 2152 Fran.
1154 2110 1212 2152 et
1232 2117 1285 2154 v.

236 2189 282 2230 e..
339 2176 545 2241 Superbe
582 2192 660 2228 co
695 2177 835 2228 victis
856 2177 997 2228 Flor.
1028 2184 1086 2228 et
1119 2178 1285 2243 Magl-

233 2250 407 2319 ltaque
444 2254 772 2304 retinendum
804 2254 985 2318 putavi
1021 2269 1112 2318 ω,
1134 2255 1287 2320 -quod

226 2329 328 2392 jam
348 2338 467 2381 ante
491 2331 623 2381 edit.
661 2329 858 2381 Graevii
892 2335 1009 2380 erat
1038 2330 1093 2380 in
1127 2331 1286 2382 Plan·

235 2405 418 2457 tiniana
454 2406 524 2459 A.
565 2411 713 2457 1⁵84.
747 2405 1084 2471 probantibus
1124 2407 1285 2457 etiam

231 2480 294 2531 N.
316 2482 552 2547 Heinsio,
567 2482 736 2548 Ryck.
757 2492 812 2532 et
829 2481 1001 2532 Periz.
1021 2482 1087 2532 ad
1103 2483 1301 2534 Sanct.'

232 2557 351 2608 uin.
382 2573 461 2609 tv.
495 2566 550 2610 6.
570 2563 622 2611 1.
688 2558 817 2608 Erat
856 2558 993 2607 enim
1032 2557 1285 2624 ipsa'vox

230 2629 432 2696 Brenni,
465 2640 529 2684 ut
562 2634 683 2684 Liv.
715 2646 768 2684 ν.
788 2636 871 2684 48.
906 2639 965 2683 et
1000 2634 1190 2685 Festus
1229 2635 1284 2686 iu

236 2707 298 2758 Vs
309 2709 463 2759 victis.
483 2710 723 2760 Freinsb.
739 2709 1094 2773 conjecturam
1117 2726 1282 2776 suam,

228 2797 370 2848 quam
406 2785 507 2835 sibi
532 2784 798 2851 quondam
833 2785 888 2835 in
932 2793 1164 2837 mentem
1194 2803 1282 2839 ve·

226 2860 355 2911 nisse
373 2861 560 2913 scribit
583 2862 745 2912 Saltu.
759 2860 811 2911 in
834 2860 985 2912 Notis
1003 2863 1280 2930 prioribus,

225 2953 385 2990 rursus
428 2940 668 2991 inculcat
704 2940 757 2989 in
800 2939 1000 3005 Indice,
1034 2955 1087 2991 v.
1122 2940 1282 2994 Incre-

218 3028 339 3077 pre.
405 3015 529 3066 Non
551 3014 821 3066 adsentior
842 3014 936 3066 illi.
969 3017 986 3045 ‘
1006 3017 1245 3082 Superbe
1262 3018 1279 3042 ⁹

224 3099 356 3142 recte
393 3091 628 3160 refertur
664 3091 734 3142 ad
771 3092 1075 3156 praecedens
1104 3098 1120 3124 ‘
1141 3095 1279 3146 inso-

224 3167 460 3232 lentiam,'
494 3177 555 3220 et
594 3183 653 3218 ne
682 3168 885 3218 facilius
918 3170 1162 3222 excidere
1185 3186 1279 3238 po·

226 3245 315 3294 tuit
350 3251 474 3309 post
525 3243 820 3309 ‘superbe,'
860 3247 1104 3310 qumvis
1154 3256 1279 3299 ante

221 3319 437 3385 ‘sapen'
505 3322 664 3373 Abiit
695 3326 871 3372 autem
896 3337 995 3372 vox
1016 3324 1129 3374 baec
1151 3325 1276 3375 ‘Vre

222 3396 364 3449 victis
381 3398 396 3422 ’
428 3399 630 3450 deinde
649 3399 702 3450 in
727 3399 1071 3464 proverbium,
1091 3400 1156 3450 de
1174 3414 1279 3466 quo

222 3473 407 3527 Erum
426 3478 482 3526 in
505 3491 659 3540 prov.
689 3477 705 3504 ‘
724 3476 864 3529 Quid
883 3477 979 3526 nisi
1003 3478 1155 3528 victis
1189 3477 1280 3528 do·

222 3548 337 3600 lor?
395 3553 505 3604 Sed
548 3552 773 3605 casaub.
806 3553 877 3612 ,ad
914 3553 1107 3619 Polyb.
1143 3559 1191 3606 1.
1227 3559 1278 3606 6.

222 3635 353 3677 reete
372 3635 526 3681 notat
564 3631 854 3692 Erasmum,
891 3630 976 3696 qui
1018 3631 1280 3695 proverbi·

220 3715 298 3751 um
339 3705 587 3757 Latinum
630 3721 699 3756 ex
738 3713 928 3757 coacta
969 3707 1293 3772 interprete-¹

216 3778 345 3832 tione
367 3782 651 3834 verborum
666 3783 969 3834 Graecornm
987 3783 1278 3848 Plutarchi,

222 3873 361 3921 quam
396 3860 755 3927 scriptoribus
793 3861 1014 3925 Latinis,
1060 3869 1117 3912 et
1159 3864 1275 3927 ipso

220 3947 305 3983 asu
329 3936 619 4001 concipere
640 3936 892 3987 maluerit.

273 4014 544 4075 Amemus
561 4027 596 4062 a
618 4018 754 4075 tergo
773 4012 1021 4077 Camillus]
1052 4007 1273 4064 variant

218 4083 271 4133 in
287 4087 382 4138 bac
401 4102 461 4138 re
476 4088 747 4139 narranda
760 4088 1042 4152 scriptores
1062 4090 1271 4141 vetusti.

218 4161 320 4216 Ur.
354 4179 410 4217 v.
427 4170 511 4217 49.
545 4173 608 4217 et
654 4167 919 4218 Plutarch.
954 4167 1007 4217 in
1053 4168 1270 4219 Camillo

217 4240 459 4304 scribant,
481 4243 766 4295 Camillum
802 4243 855 4294 in
894 4243 1005 4310 ipso
1028 4244 1270 4310 articulo,

2290 341 2421 409 527

1365 513 1523 566 quum
1545 500 1687 551 Galli
1705 506 1762 551 et
1778 499 1999 554 Rotnani
2019 499 2087 552 de
2108 499 2421 564 ponderibus

1361 580 1761 645 altercarentur,
1811 582 2172 644 intervenisse,
2191 608 2200 616 -
2222 593 2426 631 aurum-

1364 669 1467 721 que
1487 655 1552 707 de
1576 657 1745 706 medio
1770 658 1884 708 tolli
1902 657 2142 722 jussisse,
2162 662 2222 706 et
2239 655 2422 708 Gallos

1362 732 1494 783 urbe
1516 733 1796 798 expulisse.
1835 734 1967 785 'Alii
2001 734 2273 785 Camillum
2301 732 2427 784 Gal·

1362 808 1459 873 los,
1479 821 1604 860 auro
1622 816 1842 875 accepto
1854 811 1964 876 jam
1982 811 2048 862 ab
2063 811 2210 861 Urbe
2227 809 2422 875 digres-

1362 898 1469 948 sos,
1488 883 1781 936 insecutum
1802 888 1982 951 praelio
1997 885 2216 950 fudisse,
2244 892 2303 937 et
2334 901 2423 937 au·

1362 973 1477 1010 rum
1513 974 1849 1025 recuperasse
1890 961 2233 1013 tradiderunt.
2296 960 2436 1012 Vidi

1361 1035 1512 1086 Serv.
1534 1036 1588 1085 in
1609 1038 1757 1101 Virg.
1776 1051 1848 1088 η.
1867 1037 1982 1089 AEn.
1999 1041 2114 1090 826.
2136 1045 2194 1088 et
2214 1037 2353 1089 Fest-
2367 1038 2426 1087 in

1370 1111 1438 1162 Vs
1457 1112 1616 1162 cictis.
1681 1113 1816 1163 Mihi
1839 1128 1963 1164 vera
2002 1114 2209 1166 videtur
2243 1115 2424 1165 eorum

1361 1190 1640 1254 sententia,
1659 1189 1748 1256 qui
1768 1197 1930 1242 totam
1942 1191 2076 1241 bane
2093 1190 2297 1241 Camilli
2313 1189 2422 1241 vic·

1362 1266 1552 1316 toriam
1574 1266 2009 1331 commenticiam,
2043 1272 2118 1330 et,
2140 1264 2279 1331 quod
2314 1264 2418 1313 Po·

1362 1340 1532 1406 lybios
1571 1339 1822 1406 prodidit,
1840 1342 2020 1393 Gallos
2043 1356 2172 1392 auro
2194 1347 2418 1404 accepto

1362 1415 1685 1467 obsidionem
1726 1416 1998 1483 reliquisse
2035 1424 2243 1482 putant.
2291 1415 2419 1467 vid.

1363 1493 1585 1557 Rupert.
1608 1491 1674 1543 ad
1693 1493 1747 1544 b.
1772 1494 1808 1543 1.
1826 1499 1883 1543 et
1905 1493 2132 1543 Palmer.
2155 1492 2209 1544 in
2226 1493 2419 1544 Exerc-

1361 1583 1417 1634 p.
1443 1572 1558 1619 188.
1611 1568 1751 1619 Add.
1785 1569 1971 1634 Polyb.
1996 1573 2103 1621 ιθ.
2143 1567 2424 1632 Polyaenus

1361 1658 1489 1696 vm.
1519 1649 1603 1696 25.
1629 1649 1679 1695 1.
1711 1645 2020 1709 singularem
2054 1644 2320 1695 historiam
2353 1643 2432 1693 de*

1363 1720 1594 1786 perfidia·
1635 1720 1984 1773 Romanorum
2020 1721 2075 1772 in
2115 1721 2296 1772 Gallos
2340 1734 2421 1771 re-

1360 1796 1489 1849 fert.

1362 1917 1367 1922 .
1430 1877 1500 1927 Ut
1519 1876 1676 1926 omnia
1694 1872 2037 1937 incensior-m]
2089 1875 2177 1925 De
2208 1874 2309 1924 hoc
2341 1872 2423 1923 Si-

1359 1950 1561 2016 donius,
1597 1953 1770 2003 Carm.
1798 1956 1852 2002 ’1.
1877 1966 1951 2003 vs.
1972 1956 2089 2002 565.
2123 1953 2139 1980 ⁶
2156 1951 2313 2001 'rexit
2341 1948 2423 2002 fu·

1330 2033 1341 2046 ¹
1358 2035 1559 2079 mantes
1596 2027 1773 2079 hostili
1822 2035 1995 2092 strage
2036 2025 2280 2078 favillas!
2303 2043 2310 2050 ‘
2332 2026 2423 2077 Fr·

1357 2104 1549 2153 Tumor
1567 2103 1828 2170 poeticus,
1847 2103 1911 2154 ad
1934 2119 2085 2170 quem
2108 2104 2234 2168 jure
2254 2102 2422 2154 bonus

1360 2178 1662 2232 Historicus
1693 2180 2047 2231 erubesceret.
2063 2201 2070 2208 ·
2088 2180 2214 2242 Rap.
2279 2178 2419 2229 Ado.

1359 2254 1539 2307 Graer.
1555 2256 1609 2307 in
1624 2254 1843 2307 Praefat.
1868 2256 2063 2317 Livius,
2084 2261 2139 2306 et
2153 2256 2422 2306 Plutarch.

1359 2331 1448 2396 qni
1470 2330 1652 2382 Gallos
1674 2346 1705 2383 a
1744 2333 1961 2383 Camillo
1997 2332 2144 2382 Urbe
2173 2333 2419 2397 'expulsos

1357 2405 1562 2470 dicunt,
1595 2413 1769 2459 tamen
1790 2420 1892 2459 non
1917 2408 2136 2458 multum
2155 2409 2420 2473 sanguinis

1356 2483 1410 2532 in
1445 2497 1510 2532 ea
1543 2483 1718 2534 fusum·
1761 2483 2010 2534 indicant.
2091 2486 2419 2550 Quamquam

1358 2572 1533 2608 omnes
1574 2558 1715 2610 Galli
1751 2560 1822 2610 ibi
1859 2558 2021 2610 occisi
2065 2557 2302 2623 fuissent,
2335 2559 2421 2610 vel

1358 2634 1435 2684 sic
1471 2636 1653 2700 inepta
1693 2642 1839 2686 esset
1871 2635 2056 2686 oratio.
2119 2635 2221 2685 Sed
2259 2636 2418 2686 Floro

1355 2712 1501 2762 locus
1525 2718 1679 2776 aptus
1698 2712 1836 2761 visus
1857 2718 1959 2773 est,
1997 2726 2149 2777 quem
2178 2711 2421 2776 pingeret

1355 2801 1422 2837 ex
1445 2788 1675 2853 ampulla
1711 2786 2100 2838 declamatoria.
2155 2787 2418 2852 ·Begerus

1354 2864 1470 2914 haec
1506 2862 1689 2914 eodem
1717 2861 1921 2927 judicio
1954 2859 2213 2927 defendit,
2250 2875 2353 2928 quo
2383 2875 2416 2912 a

1354 2940 1512 2990 Floro
1529 2940 1725 3004 scripta
1747 2944 1886 2990 sunt.
2403 2959 2410 2972 ·

1417 3020 1463 3083 §.
1489 3022 1552 3068 18
1587 3016 1759 3081 Casus]
1783 3017 1953 3066 Varro
1988 3016 2120 3083 ταφῇ·
2157 3014 2416 3066 Μενίππου.

1350 3094 1367 3122 ‘
1386 3094 1607 3159 Antiqui
1642 3093 1805 3143 nostri
1826 3094 1882 3143 in
1901 3093 2135 3145 domibus
2156 3093 2417 3158 lateritiis,

1352 3171 1615 3235 paululum
1637 3170 1788 3221 modo
1809 3169 2070 3235 lapidibus
2088 3168 2419 3234 suffundatis,

1354 3254 1413 3296 ut
1433 3247 1697 3297 humorem
1735 3245 2045 3312 effugerent,
2077 3247 2416 3299 habitabant.⁸

1353 3321 1441 3371 Fr.
1508 3322 1645 3373 Add.
1664 3322 1847 3374 Senec.
1879 3324 1979 3386 Ep.
2007 3336 2097 3374 xc.
2162 3323 2233 3373 Ee
2255 3321 2417 3385 flam

1353 3401 1520 3465 Ryck.
1537 3400 1676 3450 Flor.
1698 3400 1825 3450 Ber.
1852 3399 2040 3450 Duisb.
2060 3399 2183 3451 vid.
2207 3413 2246 3451 1.
2266 3404 2318 3452 6.

1419 3475 1723 3540 Incendium]
1778 3475 1891 3527 Cic.
1911 3476 1963 3525 in
1983 3477 2137 3527 verr.
2160 3480 2210 3526 4.
2233 3481 2315 3527 sl.
2343 3476 2414 3528 de

1352 3552 1594 3604 incendio
1618 3552 1898 3617 Capitolii:
1930 3552 1947 3581 ‘
1971 3553 2048 3603 Ut
2083 3552 2174 3602 illa
2209 3549 2414 3604 flamma

1352 3629 1598 3682 divinitus
1616 3630 1851 3680 extitisse
1875 3628 2132 3690 videatur,
2170 3643 2274 3681 non
2292 3644 2412 3696 quae

1352 3703 1556 3757 deleret
1586 3705 1736 3759 Jovis
1774 3706 1909 3771 Opt.
1946 3706 2089 3757 Max.
2137 3706 2413 3770 templum,

1350 3783 1442 3834 sed
1485 3798 1601 3849 qum
1641 3782 1940 3848 proeclarius
1975 3780 2408 3847 magnificentius-

1351 3874 1451 3926 que
1488 3859 1832 3924 deposceret.’
1918 3858 2006 3909 Ita
2057 3860 2072 3886 ‘
2089 3858 2412 3923 Timagenes,

1350 3936 1595 3987 felicitati
1619 3935 1759 3986 urbis
1781 3934 2034 3999 inimicus,
2064 3933 2262 3997 aiebat,
2307 3935 2410 3987 Ro-

1346 4028 1446 4064 mae
1486 4012 1588 4062 sibi
1610 4011 1852 4063 incendia
1894 4012 1961 4063 ob
1995 4012 2094 4063 boc
2120 4025 2278 4063 unum
2315 4012 2408 4064 do-

1345 4090 1444 4140 lori
1464 4102 1601 4153 esse,
1624 4088 1761 4153 quod
1786 4089 1946 4139 sciret
1985 4089 2200 4139 meliora
2237 4101 2408 4139 resur-

1345 4174 1576 4228 rectura,
1597 4180 1751 4231 quam
1770 4165 2013 4218 arsissent
2029 4166 2062 4217 ι’
2095 4165 2214 4217 Seu.
2235 4164 2410 4231 Epist:

1342 4247 1424 4294 91.
1463 4243 1552 4295 Fr.
2259 4263 2266 4272 ¹
2397 4263 2406 4270 ⁴
