2950 4892
762 441 826 488 1..
873 439 1131 489 Anum
1182 439 1405 488 raom
1457 440 1602 488 ma.
1652 439 1700 488 ι.
1747 440 1908 487 cap,
1953 423 2021 488 1.

293 592 552 647 senorum,
584 580 728 649 apud
775 581 996 647 Joseph.
1034 589 1091 633 et
1128 582 1355 633 Plinium

290 669 340 726 ὅ,
364 656 448 712 17.
508 659 630 710 Hoc
652 658 847 709 intuitu
880 660 1044 710 multa
1084 659 1358 725 privilegia

286 735 627 789 matrimoniis
660 749 965 786 concessere
1014 737 1360 801 legislatores,

288 816 401 881 oute
436 813 644 877 longius
689 812 895 878 exequi,
930 812 1094 861 nostri
1132 811 1359 862 instituti

288 890 470 942 modas
494 904 597 940 non
621 890 836 953 patitur.
899 889 1159 939 Videatur
1181 891 1216 938 l.
1239 903 1278 938 1.
1302 897 1358 939 et

289 969 357 1018 ibi
377 968 485 1018 nd.
515 966 589 1016 D.
611 967 764 1016 solut.
786 972 936 1015 matr.
971 965 1062 1016 Fr.
1116 965 1229 1015 Liv.
1252 979 1290 1015 1.
1306 970 1360 1015 9.

290 1046 309 1075 ‘
330 1041 567 1095 Penuria
601 1041 874 1091 mulierum
908 1041 1125 1092 hominis
1147 1048 1358 1093 aetatem

288 1118 543 1169 duratura
566 1116 867 1181 magnitudo
888 1116 1042 1168 erat!
1208 1146 1215 1153 -

350 1196 509 1244 Manu
530 1198 679 1258 capta
691 1192 831 1256 sunt]
864 1192 1068 1258 objicit
1088 1192 1186 1243 boc
1203 1192 1360 1242 etiam

286 1271 631 1327 Mithridates
655 1270 794 1335 apud
806 1270 1011 1321 Sallust.
1035 1270 1090 1319 in
1106 1270 1279 1334 EpIst.
1295 1269 1361 1320 ad

292 1352 572 1400 Arsacem:
606 1346 927 1398 ‘Romanos'
966 1347 1089 1396 nihil
1122 1348 1138 1375 ‘
1158 1361 1192 1396 a
1223 1346 1363 1411 prin·

290 1424 427 1491 'cipio
444 1426 542 1475 nisi
564 1431 776 1488 partum
795 1423 1001 1487 (armis)
1020 1423 1241 1473 habere:
1278 1421 1367 1472 do-

288 1520 445 1568 mum,
459 1504 732 1569 conjuges,
748 1516 917 1567 agros,
937 1501 1245 1566 imperium.'
1277 1498 1366 1551 Sic

288 1582 529 1632 Silonicoe
576 1580 807 1644 virgines
845 1579 1058 1629 choreas
1112 1577 1367 1628 ducentes

291 1667 452 1723 rsptae
474 1666 629 1718 suut,
649 1655 825 1709 Judic.
851 1660 938 1719 21,
958 1659 1042 1706 22.
1108 1655 1195 1707 Ne
1227 1654 1364 1705 idem

294 1734 544 1786 auderent
581 1734 724 1784 Picti
744 1733 797 1782 in
817 1733 1089 1784 Scotorum
1108 1731 1261 1795 filias,
1276 1732 1365 1782 ho·

294 1829 403 1864 rum
425 1813 722 1878 prudentia·
745 1810 928 1874 vetnit,
946 1809 1031 1876 qui
1053 1809 1222 1860 Pictis
1242 1808 1368 1860 licet

294 1905 429 1941 novo
450 1888 658 1955 populo
678 1886 1006 1938 matrimonia
1032 1886 1243 1937 tandem
1264 1900 1366 1937 non

294 1968 638 2033 denegarunt.
706 1966 828 2018 Joli.
847 1964 1115 2029 Monipen.
1153 1964 1207 2015 in
1228 1979 1369 2015 com·

295 2043 485 2108 penaio
503 2041 755 2092 chronic.
779 2041 922 2092 Scot.
954 2040 1161 2106 Angliae
1179 2055 1368 2092 excuso

297 2125 440 2171 1612.
478 2120 569 2170 Fr.
634 2116 1033 2168 ‘Matrimonia’
1068 2132 1163 2181 pro
1195 2116 1368 2168 uxori·

296 2195 408 2259 bus,
424 2200 485 2246 et
521 2199 538 2225 ‘
559 2192 804 2244 manum’
840 2206 938 2257 pro
978 2191 1027 2242 vi
1060 2192 1167 2244 (lici
1190 2198 1368 2243 notum

295 2280 393 2325 est.
456 2273 550 2323 De
584 2271 680 2321 illo
714 2268 933 2320 Casaub.
965 2268 1030 2319 ad
1063 2270 1211 2321 Suet.
1232 2270 1369 2336 Aug.

296 2364 343 2398 c.
361 2362 449 2398 ιι..
470 2342 724 2398 Bernart.
741 2345 808 2396 ad
825 2348 957 2397 Stat.
976 2345 1138 2398 Theb.
1156 2361 1236 2397 vr.
1253 2352 1371 2400 769.

298 2433 352 2475 et
374 2426 556 2476 Graev.
582 2423 652 2472 ad
685 2421 883 2474 Justin.
916 2434 1027 2472 ιι.ι.
1047 2426 1098 2472 2.
1162 2422 1244 2473 De
1270 2422 1367 2473 boc

300 2504 517 2568 Rupert.
538 2502 612 2551 ad
636 2500 893 2563 Pompon.
916 2498 983 2548 de
1000 2498 1096 2549 Or.
1117 2498 1232 2550 Jur.
1250 2503 1299 2550 1.
1320 2503 1366 2549 2.

300 2590 354 2633 et
388 2580 687 2632 Broekbns.
722 2577 788 2626 ad
822 2577 1072 2641 Propert.
1109 2588 1197 2627 ιιι.
1221 2578 1300 2626 16.
1321 2582 1370 2627 5.

297 2657 399 2708 Sed
420 2671 610 2708 vocem
632 2658 776 2718 captu
796 2658 1091 2716 suspectam
1116 2651 1275 2701 fuisse
1296 2652 1367 2703 N.

298 2735 517 2785 Heinsio
541 2747 614 2784 ex
650 2745 717 2782 eo
749 2730 1001 2793 intellexi,
1040 2729 1177 2794 quod
1201 2742 1373 2778 exem-

299 2811 428 2876 plari
449 2825 547 2861 suo
578 2806 935 2872 adscripscrat
966 2820 1034 2855 ex
1071 2804 1230 2855 Ovid.
1254 2804 1372 2857 Art.

299 2902 338 2937 1.
362 2892 480 2938 26⁰.
513 2887 533 2916 ‘
559 2886 832 2947 Partaque
865 2896 964 2947 per
995 2882 1191 2947 gladios
1212 2894 1374 2945 regna

300 2969 527 3012 nocente
548 2974 711 3011 manu
730 2958 763 3008 τ’
799 2965 856 3008 et
891 2973 921 3009 e
953 2958 1184 3008 Varrone
1208 2957 1261 3007 in
1283 2955 1374 3006 fin.

302 3040 394 3091 lib.
414 3055 492 3091 ιν.
526 3038 600 3089 de
637 3037 787 3099 Ling.
810 3035 923 3086 Lat.
953 3035 971 3065 ⁴
991 3035 1185 3086 Praeda
1205 3041 1287 3084 est
1309 3033 1376 3084 ab

302 3116 533 3166 hostibus
557 3119 740 3178 capta,
761 3112 895 3177 quod
918 3126 1071 3161 manu
1093 3109 1279 3176 parta?
1322 3109 1377 3161 Si

306 3192 429 3258 qnid
484 3188 798 3241 mutandum
854 3188 943 3249 sit,
996 3189 1170 3238 malim
1220 3191 1377 3251 rapta.

306 3269 444 3319 Nam
465 3281 589 3333 qum
612 3265 883 3315 voluntate
898 3264 1111 3315 aliorum
1135 3265 1381 3328 impetra·

288 3343 349 3392 -ri
372 3357 475 3392 non
512 3348 754 3407 possunt,
782 3340 965 3390 melius
997 3340 1241 3391 videntur
1272 3339 1379 3390 dici

306 3418 405 3469 iliis
425 3418 611 3469 invitis
641 3417 769 3481 rapi,
799 3432 950 3481 quam
981 3418 1109 3482 capi,
1131 3424 1222 3467 aut
1240 3417 1381 3479 peri,-

311 3501 367 3545 et
386 3495 588 3557 uvius,
625 3492 917 3554 Sallustius,
949 3492 1190 3558 Ovidius,
1207 3493 1379 3557 Virgi-

310 3572 424 3635 lius,
443 3572 647 3637 aliique
686 3586 840 3637 quun
874 3571 1084 3637 plurimi
1116 3573 1170 3622 in
1204 3572 1302 3622 bac
1323 3585 1382 3622 re

312 3647 573 3697 narranda
610 3652 829 3697 utuntur
862 3647 1024 3699 verbo
1057 3662 1240 3712 rapere,
1276 3662 1381 3698 non

313 3738 490 3788 apere.
555 3723 754 3775 Justin.
785 3737 988 3777 xxvm.
1008 3730 1059 3779 2.
1088 3728 1105 3757 ⁴
1126 3727 1230 3781 Qui
1264 3742 1380 3779 cum

316 3814 503 3851 uxores
525 3813 636 3849 non
655 3799 965 3865 invenirent,
994 3802 1046 3853 vi
1079 3803 1287 3868 publica
1305 3819 1383 3855 ra-

317 3876 563 3943 puerint?
618 3874 910 3940 Angustia.
931 3878 998 3929 (le
1019 3878 1080 3929 C.
1097 3879 1164 3930 Ι).
1191 3893 1276 3931 ιιι.
1300 3884 1383 3933 13.

314 3956 331 3984 ‘
353 3956 429 4007 Ut
478 3968 549 4005 ea
603 3951 890 4019 (conjugia)
941 3952 1061 4006 dolo
1102 3957 1382 4021 raperent!

317 4033 421 4083 Sed
444 4038 500 4080 et
520 4038 709 4094 rapere,
724 4035 905 4093 raptor,
922 4036 979 4080 et
992 4037 1157 4096 raptas
1172 4031 1387 4098 propria

319 4117 439 4160 sunt
458 4108 515 4157 in
533 4109 639 4157 liae
660 4120 719 4156 re
738 4105 915 4169 verba,
948 4115 1006 4159 et
1036 4124 1200 4173 rupere
1233 4117 1290 4160 et
1307 4125 1387 4160 ca·

314 4199 579 4252 peresaepe
593 4188 982 4248 permutantnr;
1004 4200 1055 4237 v.
1067 4186 1183 4239 infr.
1194 4201 1259 4239 11.
1273 4193 1325 4238 6.
1334 4192 1386 4244 2.

321 4264 437 4314 Seio
458 4266 613 4310 recte
635 4258 740 4307 diei
756 4270 1085 4325 mataps-re,
1106 4268 1166 4313 ut
1181 4277 1265 4328 ap.
1282 4264 1393 4314 Sal-

326 4337 595 4401 1ust..tug.
620 4348 743 4386 αν.
778 4332 945 4400 ‘.Pop
960 4337 1105 4389 Rom.
1124 4352 1389 4404 quascum-

2365 423 2498 489 453

1430 597 1530 649 que
1550 579 1704 634 urbes
1719 590 1776 634 et
1792 598 1942 648 agros
1957 598 2114 634 manu
2135 588 2370 649 ceperat,
2388 584 2497 648 tegi

1429 658 1567 709 dono
1589 658 1774 722 dedit:
1795 668 1870 724 et,
1902 676 2056 726 quem
2088 660 2159 711 ibi
2181 659 2363 711 Rivius
2385 660 2497 710 lau-

1431 740 1543 803 dat,
1561 740 1675 790 Liv.
1700 754 1787 791 ιιι.
1811 746 1893 792 71.
1925 743 1942 771 ⁴
1967 743 2134 795 Quem
2153 755 2328 805 agrum
2353 740 2499 790 miles

1430 830 1527 881 pro
1549 816 1684 867 virili
1715 825 1867 883 parte
1890 832 2043 868 manu
2067 818 2332 882 cepisset!
2393 815 2500 866 Sed

1430 892 1528 942 hoc
1550 891 1663 942 fere
1683 893 1750 943 de
1777 894 1825 943 vi
1850 894 2038 945 bellica
2061 900 2118 944 et
2137 894 2336 957 hostili,
2356 892 2498 959 quod

1434 970 1590 1020 aliter
1611 972 1627 1005 ⁴¹
1646 972 1926 1035 pugnando
1940 972 2156 1037 capere'
2174 972 2398 1034 dicitur;
2432 971 2500 1021 ‹le

1434 1061 1537 1111 quo
1570 1046 1810 1098 ciaccon.
1851 1049 1917 1099 ad
1951 1049 2165 1099 Sallust.
2205 1048 2360 1099 Catil.
2395 1062 2500 1099 vu.

1431 1123 1623 1173 Verum
1646 1137 1723 1173 sc.
1745 1131 1802 1174 et
1822 1125 1905 1175 ed.
1924 1140 2030 1175 om.
2050 1124 2277 1175 retinent
2294 1130 2474 1190 capta:

1499 1199 1680 1249 Proeda
1704 1199 1871 1265 fuere]
1923 1200 2243 1252 Nazarianus
2264 1219 2279 1252 :
2323 1202 2502 1265 proedoe

1419 1274 1580 1335 sicem
1612 1275 1869 1326 Palatini:
1902 1280 2082 1340 proedu.
2139 1277 2393 1329 Jordanei
2415 1290 2502 1327 ve-

1435 1358 1612 1402 teres:
1642 1355 1808 1416 proeda
1831 1352 1993 1414 fuere.
2026 1355 2125 1404 hac
2161 1355 2329 1405 statim
2359 1369 2504 1405 causa

1438 1431 1685 1483 bellomon:
1716 1447 1832 1499 quae
1871 1448 2049 1484 omnes
2083 1435 2348 1485 lectiones
2374 1435 2504 1484 tole·

1438 1510 1542 1560 rari
1565 1516 1797 1573 possunt,
1817 1524 1915 1561 nec
1936 1511 2096 1561 habet
2131 1512 2298 1561 altera
2316 1525 2411 1560 cur
2432 1511 2505 1559 al-

1438 1586 1541 1636 teri
1563 1586 1815 1649 invideat,
1839 1594 1929 1637 aut
1943 1601 1999 1638 se
2022 1585 2276 1651 praeferre
2297 1586 2375 1636 illi
2391 1600 2507 1650 pos-

1438 1663 1594 1713 tulet.
1657 1663 1722 1713 In
1755 1663 2063 1729 quibusdam
2084 1663 2230 1714 libris
2251 1668 2299 1712 et
2320 1662 2503 1713 deest:

1437 1738 1494 1789 in
1518 1738 1632 1789 aliis
1651 1739 1769 1789 lsoec.
1837 1741 1919 1790 Ex
1941 1741 2019 1790 his
2041 1739 2306 1791 variantiis
2326 1739 2507 1790 lectio·

1440 1829 1560 1865 nem
1594 1816 1922 1879 emebamus,
1956 1832 2112 1881 qnam
2146 1830 2321 1867 veram
2353 1822 2507 1881 puta-

1438 1904 1554 1943 mus
1575 1908 1709 1958 esse,
1725 1895 1892 1959 preda
1911 1891 2075 1959 tinere,
2105 1899 2154 1944 et
2183 1893 2352 1942 statim
2367 1906 2508 1942 causa

1438 1968 1678 2020 bellorum.
1743 1969 2039 2034 Eleganter.
2071 1968 2180 2020 Sal.
2246 1967 2353 2019 Alii
2381 1981 2507 2032 pm·

1441 2047 1551 2105 ‹1oe,-
1583 2053 1820 2097 nentrum
1844 2046 1997 2099 male.
2063 2048 2150 2097 De
2187 2061 2244 2097 re
2267 2054 2507 2105 auctores

1440 2136 1599 2186 supra
1610 2122 1777 2173 citati.
1811 2124 2069 2175 Numerus
2083 2129 2348 2187 raptarum
2367 2121 2508 2186 apud

1442 2198 1663 2263 Dionys.
1682 2202 1734 2260 2,
1751 2204 1830 2250 31.
1843 2207 1925 2249 est
1940 2202 2056 2249 683.
2077 2197 2217 2263 apud
2235 2198 2508 2249 Plutarch.

1444 2274 1596 2325 Rom.
1618 2289 1735 2340 cap.
1757 2279 1838 2325 22.
1901 2274 2147 2325 Totidem
2171 2281 2345 2339 raptas
2361 2274 2512 2326 xluba

1443 2350 1644 2401 scribit.
1709 2352 1950 2402 Valerius
1973 2352 2158 2403 Antias
2179 2355 2296 2401 627.
2322 2351 2409 2402 alii
2427 2354 2513 2402 30.

1444 2433 1664 2479 tantum.
1744 2428 2024 2479 Salmasius
2060 2429 2157 2479 boc
2195 2430 2310 2478 loco
2344 2428 2475 2492 legit
2489 2444 2508 2477 :

1437 2506 1604 2569 proeda
1629 2504 1789 2568 fuere,
1824 2512 1870 2555 et
1905 2505 2071 2556 statim
2092 2520 2231 2555 cum
2251 2505 2475 2555 bellorum
2493 2519 2510 2553 :
2563 2524 2574 2534 ·

1443 2581 1718 2645 eleganter
1749 2589 1916 2645 certe,
1956 2586 2013 2633 ot
2048 2580 2125 2632 ita
2156 2581 2415 2631 Gruterus
2458 2579 2512 2630 in
2539 2608 2544 2617 ·

1444 2656 1642 2707 duobus
1664 2657 1918 2707 Palatinis
1950 2656 2055 2707 suis
2085 2658 2189 2720 legi
2209 2660 2512 2707 attestatur.

1444 2732 1537 2783 Fr.
1601 2732 1768 2782 Plane
1790 2732 2085 2796 Ryckianus
2100 2731 2438 2796 proedcsuere,
2463 2736 2511 2780 et

1443 2809 1613 2859 statim
1646 2824 1812 2859 caussa
1848 2809 2091 2869 bellorum,
2126 2815 2187 2857 ut
2234 2807 2513 2858 Salmasius

1446 2883 1675 2935 volebat.
1710 2884 1897 2934 Recte.
1963 2884 2227 2948 Excerpta
2249 2883 2513 2946 Pamme-

1447 2960 1753 3023 ἀφίκηαι,
1786 2965 1836 3010 et
1856 2961 1955 3011 lsaec
1982 2960 2153 3011 statim
2183 2974 2348 3011 mussa
2376 2961 2517 3011 bello·

1446 3046 1574 3087 ηιιιι.
1655 3035 1843 3086 Paullo
1882 3040 2004 3087 ante
2051 3035 2211 3100 Roga
2260 3036 2515 3087 Simalutis

1448 3112 1750 3177 equestribus.
1816 3111 1968 3165 Quod
2007 3110 2130 3162 ferri
2172 3118 2358 3178 potest.
2425 3114 2513 3164 Sic

1449 3188 1468 3217 ⁴
1486 3189 1551 3238 In
1573 3188 1896 3253 equestribus
1912 3188 2095 3240 sedere
2109 3188 2124 3212 '
2158 3204 2232 3242 sc.
2253 3190 2515 3241 subselliis

1451 3280 1542 3315 seu
1585 3264 1728 3315 locis.
1780 3265 1949 3316 Groes.
2019 3266 2363 3323 Consentiunt
2395 3281 2515 3317 cum

1450 3341 1623 3407 Ryck.
1644 3341 1800 3390 etiam
1821 3341 1956 3393 Tou.
1975 3342 2168 3393 Duisb.
2196 3343 2353 3393 Fran.
2377 3343 2514 3394 Pall.

1450 3418 1602 3468 Voss.
1626 3421 1672 3469 1.
1692 3422 1740 3469 2.
1762 3423 1819 3468 et
1839 3418 1904 3469 V.
1922 3419 1984 3469 Ε.
2049 3419 2238 3484 ltaque
2258 3420 2407 3485 potui
2428 3432 2518 3469 ex-

1450 3494 1667 3546 cludere
1690 3508 1972 3559 pronomen
2005 3495 2123 3559 koee,
2162 3496 2298 3561 quod
2320 3505 2375 3546 et
2399 3511 2515 3561 pos-

1452 3576 1621 3621 trema
1639 3571 1777 3623 Edit.
1792 3569 1962 3621 Amst.
1978 3572 2222 3622 omiserat
2238 3588 2253 3622 :
2275 3573 2377 3622 etsi
2393 3586 2517 3622 non-

1452 3647 1580 3697 nihil
1603 3646 1787 3697 dubito
1809 3662 1873 3697 an
1908 3649 2080 3712 potius
2102 3649 2426 3699 retinendum
2446 3650 2518 3701 sit

1453 3737 1520 3773 ex
1541 3737 1682 3773 more
1704 3722 1860 3774 Flori.
1925 3723 1990 3772 V.
2012 3724 2249 3774 Freinsb.
2271 3724 2339 3774 ad
2361 3739 2412 3774 n.
2437 3728 2518 3776 13.

1452 3798 1605 3863 hujus
1626 3812 1740 3863 cap.
1762 3805 1818 3848 et
1837 3798 1994 3848 Salm.
2017 3799 2082 3847 ad
2108 3813 2145 3847 ι.
2166 3803 2245 3849 13.
2265 3804 2314 3851 6.
2378 3800 2519 3851 Pm-

1454 3877 1537 3937 da,
1572 3890 1639 3924 an
1674 3888 1789 3924 cum
1828 3874 2013 3926 Nazar.
2051 3875 2204 3924 Voss.
2225 3879 2274 3927 3.
2309 3885 2365 3925 et
2398 3876 2520 3926 edd.

1458 3956 1587 4001 vett.
1605 3955 1830 4014 excepta
1848 3949 2034 4015 prima,
2047 3952 2224 4016 prode
2244 3951 2408 4015 dicas,
2429 3966 2520 4017 pa-

1456 4041 1571 4077 rum
1600 4027 1840 4077 interest.
1906 4025 2008 4075 Illa
2039 4025 2207 4077 sonna
2245 4026 2522 4077 Limxuv.

1457 4109 1510 4155 6.
1541 4102 1742 4154 Justin.
1762 4115 1840 4153 xv.
1864 4106 1914 4152 3.
1947 4111 2008 4152 et
2030 4115 2225 4156 ιιιιν.
2246 4107 2295 4153 2.
2318 4109 2376 4154 et
2395 4103 2525 4154 Ovi-

1459 4179 1577 4229 dius
1611 4193 1767 4243 saepe.
1829 4177 1953 4228 vid.
1988 4178 2250 4229 Passerat.
2283 4178 2349 4228 ad
2390 4179 2523 4229 Pro·

1462 4262 1599 4322 pert.
1616 4269 1680 4306 ιι.
1696 4260 1746 4306 4.
1769 4255 1888 4306 Hac
1912 4256 2022 4305 Liv-
2037 4268 2190 4305 xxiv.
2209 4258 2289 4305 36.
2309 4255 2521 4309 Sallust.

1463 4333 1761 4398 Jug.1.nx.
1796 4338 1853 4383 et
1885 4333 2079 4385 Justiu.
2115 4345 2276 4382 ιιιι.
2300 4337 2349 4383 1.
2414 4334 2524 4386 Sed
