2950 4892
492 383 625 450 642

497 564 597 615 que
617 547 704 598 bic
738 542 1099 609 adnotaverat,
1136 545 1344 597 Florum
1374 560 1441 597 ex
1476 546 1557 598 sul

496 625 744 696 temporis
763 638 907 674 more
929 623 1175 674 scribere.

560 704 727 768 quue,
745 718 833 767 qno
854 702 1099 766 indignius
1105 701 1258 766 foret,
1278 703 1445 754 mulier
1464 702 1555 753 ins·

488 778 713 845 perabat]
765 779 1060 844 xiphilinus
1105 780 1157 829 in
1200 780 1428 843 Nerone,
1487 779 1554 830 de

494 856 645 906 clade
680 856 899 906 Roman.
938 855 990 905 in
1028 855 1331 905 Britannia:
1380 857 1397 884 ‘
1420 855 1553 908 Quae

492 932 671 983 clades
695 948 727 983 a
746 932 964 982 muliere
988 932 1136 982 illata
1158 938 1236 981 est
1260 946 1382 998 pop.
1406 932 1556 983 Rom.

494 1015 554 1059 ut
578 1008 777 1073 majore
805 1008 1081 1072 ignominia
1102 1005 1396 1058 afficeretur
1413 1011 1447 1059 ι’
1480 1007 1555 1058 fe-

492 1085 747 1136 minarum
771 1085 906 1135 enim
918 1085 1071 1150 jussa
1094 1085 1221 1149 pati,
1254 1085 1558 1150 ignominio-

494 1175 609 1212 sum
632 1168 729 1213 est.
747 1162 868 1212 vide
885 1163 1010 1212 Tac.
1034 1165 1113 1213 12.
1126 1166 1210 1226 40,
1224 1164 1273 1213 7.
1340 1162 1426 1212 Νε
1443 1163 1558 1228 quis

496 1245 671 1289 antem
711 1240 927 1290 miretur
962 1238 1296 1304 asperitatem
1334 1240 1559 1306 imperii,

495 1315 672 1367 audiat
693 1316 848 1367 eund.
872 1317 994 1367 Tac.
1017 1320 1068 1379 8,
1087 1320 1172 1377 88,
1195 1321 1243 1366 8.
1267 1322 1556 1381 notantem,

493 1392 762 1442 mulierum
801 1393 969 1458 jussa,
1016 1392 1033 1420 ⁸
1056 1393 1350 1458 pervicacia
1391 1394 1558 1459 magis

493 1474 550 1518 et
566 1468 1045 1533 impotentia’esse.
1082 1469 1167 1519 Fr.
1214 1469 1384 1535 Ryck.
1400 1471 1558 1521 Fran.

497 1551 554 1595 et
585 1547 737 1597 Voss.
757 1548 878 1611 quod
898 1545 1162 1609 indignius.
1231 1546 1303 1596 Et
1325 1548 1401 1597 sic
1423 1546 1559 1597 liber

491 1621 687 1686 sigonii
726 1622 781 1672 in
817 1622 930 1673 Liv.
958 1634 1119 1671 xxxi.
1152 1624 1234 1671 81.
1297 1620 1406 1672 Sed
1438 1637 1557 1673 eum

492 1710 595 1747 non
633 1696 745 1747 sine
777 1698 976 1748 ratione
1012 1698 1211 1761 sprevit
1244 1697 1558 1763 Gronovius,

493 1773 793 1840 ediditquez
828 1775 1142 1839 Syracusanis
1153 1774 1453 1838 oppressisab
1474 1791 1558 1826 esr-

491 1852 645 1900 terais
658 1851 897 1916 tyrannis,
912 1866 999 1915 quo
1013 1850 1257 1914 indignius
1270 1857 1405 1917 esset,
1415 1867 1559 1917 quum

492 1926 760 1975 tulissemus
778 1940 926 1989 opem.

561 2003 607 2066 ς.
635 2005 667 2052 4
718 2002 808 2052 Cn.
833 2002 1003 2052 Fuluio
1026 2003 1313 2069 Centimalo]
1344 2005 1417 2055 Et
1453 2005 1560 2056 col·

492 2077 612 2142 lega
645 2077 757 2142 ejus
789 2078 1091 2129 Postbumio
1130 2080 1338 2143 Albino,
1376 2096 1559 2132 secun·

494 2155 617 2204 dum
639 2154 832 2205 citatos
856 2154 1134 2208 Auctores.
1171 2158 1260 2209 Fr.
1323 2159 1340 2186 ‘
1363 2159 1559 2210 Centu-

492 2231 686 2282 malus'
721 2246 1009 2299 cognomen
1042 2234 1240 2284 Fulviae
1272 2236 1441 2299 gentis
1477 2243 1560 2287 est

493 2310 545 2359 in
561 2309 675 2360 Liv.
696 2322 855 2360 xxtv.
871 2315 956 2361 48.
975 2316 1030 2360 ει
1046 2323 1223 2362 xxxv.
1243 2315 1321 2361 10.
1341 2310 1393 2361 in
1412 2311 1559 2364 Fast.

494 2385 719 2451 Capitol.
761 2386 1019 2450 Numinis,
1058 2393 1115 2437 et
1153 2387 1371 2453 Eutrop.
1392 2400 1481 2438 ιιι.
1513 2392 1560 2442 1.

493 2462 559 2513 de
585 2478 687 2529 quo
708 2462 791 2513 hic
809 2464 1050 2526 Vinetus,
1090 2472 1147 2514 et
1176 2463 1351 2527 Sigon.
1384 2463 1450 2513 ad
1475 2465 1561 2516 Li-

490 2540 648 2591 vium.
711 2541 727 2569 ‘
753 2539 1115 2591 Centumalus’
1136 2539 1297 2589 etiam
1320 2539 1560 2591 Claudio·

491 2633 603 2669 rum
626 2634 909 2685 cognomen
950 2627 1035 2670 est
1074 2635 1160 2683 ap.
1199 2619 1310 2670 Cic.
1329 2632 1415 2670 111.
1455 2617 1562 2672 Off.

494 2700 574 2747 le.
599 2703 656 2746 et
672 2697 790 2746 Val.
810 2697 888 2748 M.
906 2709 1031 2746 vm.
1046 2699 1097 2746 2.
1119 2700 1168 2747 1.
1188 2694 1327 2762 quod
1348 2701 1403 2745 et
1423 2695 1564 2747 Doc-

491 2774 560 2823 tis
601 2773 908 2839 quibusdam
948 2773 1159 2823 videtur
1204 2772 1563 2838 reponendum

492 2849 544 2900 in
584 2851 837 2915 Pompon.
861 2850 968 2901 Le.
1003 2851 1052 2914 ς.
1075 2854 1157 2899 86.
1194 2850 1268 2899 D.
1309 2849 1378 2899 de
1414 2848 1562 2915 Orig.

392 2915 404 2994 ἶ
430 2975 439 2985 ,
489 2924 604 2976 Jur.
641 2926 728 2975 ubi
763 2933 1082 2977 memoratur
1113 2927 1130 2956 ‘
1155 2926 1403 2979 Claudius
1427 2928 1563 2978 Ceu-

492 3002 818 3052 temmanus.’

555 3077 652 3139 §.5
692 3076 943 3141 Manibus]
996 3079 1235 3130 Gentiles
1273 3079 1564 3129 credebaut

492 3152 671 3203 dolere
694 3169 870 3205 manes
894 3154 1311 3218 interfectorum,
1334 3156 1433 3205 nisi
1459 3155 1565 3206 viu·

490 3229 635 3281 dicta
650 3231 972 3284 levarentur.
1005 3230 1185 3299 (vide,
1198 3233 1242 3282 si
1263 3231 1430 3296 lubet,
1446 3248 1563 3299 quae

493 3306 725 3358 dicemus
773 3306 872 3356 inf.
899 3311 950 3370 4,
983 3307 1128 3373 o,2.)
1189 3308 1422 3375 Ideoque
1468 3310 1563 3359 bac

492 3398 699 3449 quoque
743 3383 795 3433 in
841 3398 1000 3434 causa
1045 3384 1313 3449 principes
1356 3384 1563 3449 Illyrios

491 3460 678 3511 eadem
722 3460 1065 3527 ignominiosa
1110 3468 1278 3510 morte
1324 3460 1564 3511 confece-

491 3543 631 3587 runt.
671 3537 781 3589 Liv.
803 3541 854 3602 8,
888 3540 972 3601 ⁶8,
994 3543 1076 3591 12.
1125 3538 1140 3566 ‘
1169 3538 1355 3588 Manes
1392 3537 1562 3603 Virgi-

491 3615 612 3678 uioe,
665 3609 884 3667 mortua».
922 3627 1077 3682 quam
1116 3615 1250 3665 vivae
1292 3612 1563 3676 felicioris,

488 3693 737 3759 (apparet
750 3693 825 3744 sic
843 3692 1141 3759 legendnm,
1165 3706 1266 3741 non
1272 3689 1564 3758 feliciores),

492 3787 588 3838 per
612 3779 691 3824 tot
707 3773 888 3824 domos
911 3770 979 3822 ad
997 3771 1254 3838 petendas
1272 3785 1449 3835 poenas
1473 3785 1561 3818 va-

491 3849 620 3914 gati,
632 3851 774 3901 nullo
793 3850 979 3900 relicto
999 3856 1171 3911 sonte,
1192 3846 1403 3899 taudem
1418 3847 1560 3913 quie·

491 3928 713 3978 verunt!
755 3928 843 3978 Fr.
907 3929 924 3958 ‘
951 3928 1128 3978 Litare
1151 3923 1416 3976 manibus'
1458 3931 1561 3989 est,

493 4018 584 4054 eos
607 4004 835 4069 placare,
853 4018 1004 4069 poeua
1022 4011 1080 4054 et
1103 4003 1302 4055 ultione
1326 4002 1390 4053 iis
1413 4002 1561 4053 satis-

489 4078 687 4142 facere,
723 4087 784 4131 ut
804 4095 890 4132 ιιι.
915 4086 994 4131 18.
1032 4079 1121 4131 fin.
1153 4079 1277 4130 Vid.
1301 4079 1469 4132 Gron.
1494 4080 1559 4130 ad

490 4158 615 4209 Seu.
637 4157 791 4222 Trag.
815 4159 1001 4224 Agam.
1020 4173 1095 4209 vs.
1117 4163 1230 4208 677.
1276 4156 1561 4222 Aliquanto

492 4234 803 4284 insolentius
843 4242 947 4297 est,
985 4235 1121 4299 quod
1161 4234 1233 4284 ibi
1275 4234 1492 4285 adnotat
1531 4249 1561 4285 e

492 4312 761 4381 Scriptore
793 4313 861 4364 de
898 4306 1031 4363 Bell.
1068 4313 1289 4379 Hispan.
1330 4327 1378 4364 c.
1403 4327 1561 4366 xxiv.

1183 398 1402 450 No'rAE
1449 395 1853 451 vAmoRUu
1903 399 1984 450 IN

1630 546 1647 577 ‘
1669 545 1756 597 Ita
1788 545 1959 611 pridie
1995 543 2212 597 duorum
2234 544 2602 598 centurionum
2623 546 2696 597 iu·

1632 622 1810 674 teritio
1847 624 1942 674 hac
1978 623 2388 674 adversariorum
2429 637 2586 688 poena
2620 627 2698 674 est

1629 697 1816 751 litata.'
1880 699 1988 750 Pro
2018 698 2287 765 principuus
2320 700 2489 764 Ryck.
2520 699 2697 764 princi·

1629 775 1775 839 pium.
1842 773 1997 828 Quod
2031 790 2133 826 non
2166 775 2470 842 infrequens
2503 776 2694 844 essein

1631 851 1780 902 libris
1799 852 2008 917 scriptis
2031 851 2319 904 ostendunt
2351 853 2611 919 Bongars.
2633 852 2700 902 ad

1631 929 1888 981 Justin.1.
1912 933 1993 981 10.
2027 937 2084 981 et
2118 931 2283 981 Gron.
2306 930 2371 982 ad
2396 929 2520 982 Lis'.
2542 943 2702 990 xxxx.L

1632 1009 1682 1057 8.
1704 1005 1825 1057 vid.
1849 1002 1943 1057 inf.
1966 1020 2053 1058 ιιι.
2073 1010 2155 1058 21.
2180 1011 2262 1058 18.

1700 1082 1832 1133 CAr.
1868 1086 1903 1133 e
1956 1083 2164 1133 ΒεΙΙιιιιι
2207 1083 2497 1134 secundum
2543 1081 2701 1134 Ριιιιί-

1633 1174 1749 1211 cum
1772 1159 2009 1211 scribunt
2028 1158 2142 1210 fere
2164 1174 2362 1225 omnes,
2378 1167 2488 1210 tam
2511 1160 2703 1228 Latini,

1631 1251 1782 1303 quam
1798 1236 1991 1287 Graeci.
2059 1236 2235 1288 Livius
2251 1240 2364 1288 tota
2378 1235 2584 1287 decade
2604 1244 2703 1286 ter·

1634 1312 1724 1363 tia.
1791 1312 2105 1363 Plutarchus
2127 1313 2179 1362 in
2201 1313 2323 1363 vitis
2345 1311 2521 1375 Fabii,
2542 1311 2703 1377 Scipi-

1634 1389 1766 1454 onis,
1794 1390 2055 1456 Marcelli,
2090 1389 2421 1452 Hannibalis,
2443 1388 2705 1440 Flaminii.

1634 1465 1905 1531 Appianas
1926 1467 1981 1516 in
2001 1467 2219 1532 Libyco.
2236 1466 2473 1533 (Probus
2487 1465 2542 1515 in
2561 1465 2704 1516 Han-

1633 1541 1854 1609 nibale.)
1883 1542 2089 1595 Auctor
2121 1544 2189 1595 de
2207 1544 2321 1593 Vir.
2359 1543 2447 1593 111.
2484 1557 2602 1608 cap.
2623 1545 2705 1606 42,

1633 1625 1720 1684 4⁸,
1739 1625 1822 1681 46,
1843 1626 1929 1686 48,
1945 1626 2031 1685 ⁴9,
2046 1627 2130 1673 50.
2164 1620 2420 1686 Polybius
2437 1625 2495 1670 et
2515 1621 2704 1670 Eutro-

1629 1693 1754 1763 'pius
1799 1698 1853 1748 in
1894 1699 2070 1750 tertio.
2139 1697 2355 1749 Orosius
2395 1697 2453 1747 iu
2495 1702 2700 1763 quarto,

1636 1773 1961 1840 Augustinus
1994 1789 2155 1841 sepe,
2190 1775 2415 1825 maxime
2453 1780 2631 1824 tamen
2652 1777 2702 1836 8,

1636 1853 1718 1901 19.
1753 1850 1910 1901 Civit.
1947 1850 2107 1901 Silius
2143 1850 2361 1900 Italicus
2398 1864 2497 1914 per
2520 1854 2700 1900 totum.

1636 1926 1770 1979 Qua
1792 1927 2012 1991 sparsim
2033 1926 2337 1978 scribuntur
2358 1927 2427 1978 ab
2450 1927 2583 1992 aliis,
2602 1925 2702 1977 suis

1631 2003 1765 2053 locis
1783 2002 2126 2055 adducentur.
2163 2006 2302 2054 Can.

1684 2081 1731 2144 §.
1751 2085 1776 2131 1
1812 2081 1930 2132 Post
1942 2081 2150 2146 primm
2166 2079 2702 2144 Panicunbellmnix

1634 2157 1935 2223 quadriennii
1947 2158 2156 2224 requies]
2176 2157 2307 2209 Vult
2323 2163 2580 2226 quattuor
2595 2165 2702 2208 tan·

1635 2239 1746 2284 tum
1787 2250 2038 2286 annorum
2079 2235 2302 2301 spatium
2348 2235 2703 2286 intercessisse

1634 2312 1774 2363 inter
1796 2312 2052 2364 Punicum
2075 2311 2269 2363 bellum
2301 2311 2528 2378 primum
2552 2317 2609 2362 et
2628 2326 2702 2362 se·

1635 2388 1875 2440 cundum.
1960 2390 2080 2441 Hoc
2115 2388 2463 2440 falsissimum.
2552 2386 2702 2439 Unde

1635 2467 1769 2519 bunc
1784 2481 2013 2519 errorem
2029 2467 2261 2518 hauserit
2277 2466 2500 2532 Nos-ter,
2516 2463 2704 2528 nescio,

1635 2544 1688 2594 in
1710 2543 1928 2595 historia
1951 2552 2056 2594 tam
2078 2545 2222 2595 clara
2243 2548 2516 2608 certaque.
2584 2543 2704 2606 For}-

1637 2628 1762 2672 teau
1785 2635 1852 2671 ex
1872 2620 1950 2670 bis
1965 2620 2099 2672 Livii
2116 2619 2315 2670 verbis:
2354 2621 2371 2648 ‘
2393 2618 2498 2669 His
2523 2618 2703 2669 anxins

1637 2697 1794 2761 curis,
1831 2696 1906 2747 ita
1927 2711 1984 2747 se
2023 2695 2207 2747 Africo
2230 2695 2387 2761 bello,
2424 2696 2570 2761 quod
2608 2693 2703 2745 fuit

1636 2774 1732 2825 sub
1748 2780 2012 2825 recentem
2027 2769 2374 2824 Romanorum
2393 2774 2602 2837 pacem,
2613 2785 2705 2837 per

1639 2851 1865 2917 quinque
1889 2864 2071 2912 annos,
2097 2850 2171 2900 ita
2190 2849 2383 2899 deiude
2405 2862 2600 2899 novem
2622 2862 2704 2898 an·

1638 2928 1718 2977 nis
1751 2928 1804 2978 in
1840 2927 2096 2992 Hispania
2116 2926 2356 2993 augendo
2378 2926 2588 2977 Punico
2617 2926 2704 2976 im·

1636 3005 1802 3068 perio,
1815 3006 1994 3069 gessit,
2004 3011 2064 3056 ut
2080 3010 2380 3069 appareret,
2392 3005 2562 3071 majus
2575 3018 2703 3065 eum,

1639 3096 1790 3147 quam
1812 3082 1947 3147 quod
1973 3088 2204 3145 gereret,
2237 3080 2437 3145 agitare
2461 3081 2516 3129 iu
2541 3079 2703 3130 animo

1639 3156 1865 3207 bellum.'
1947 3158 2033 3208 De
2072 3156 2341 3207 Amilcare
2379 3156 2498 3206 haec
2536 3155 2708 3207 dicun·

1640 3240 1745 3298 tur,
1768 3233 2035 3285 Annibalis
2060 3239 2232 3301 patre,
2266 3234 2399 3301 (non
2439 3234 2510 3284 de
2546 3233 2704 3285 Anni-

1638 3309 1802 3377 bale‚)
1835 3312 1939 3376 qui,
1975 3311 2071 3362 sub
2094 3318 2359 3362 recentem
2384 3325 2574 3375 pacem
2596 3323 2705 3361 cum

1637 3387 1886 3438 Romanis
1910 3386 2124 3451 factam,
2162 3402 2258 3454 per
2279 3388 2512 3455 quinque
2552 3400 2704 3437 annos

1637 3463 1829 3515 bellum
1869 3462 2105 3515 Africum
2143 3463 2323 3532 gessit,
2358 3463 2555 3515 deinde
2589 3463 2704 3514 His·

1638 3541 1882 3606 panicum
1907 3555 2002 3605 per
2024 3541 2155 3591 alios
2179 3555 2338 3592 annos
2360 3554 2575 3591 novem.
2637 3536 2702 3589 m

1639 3622 1761 3666 suut
1802 3617 1926 3666 anni
1967 3615 2405 3683 quattuordecim.
2494 3617 2703 3665 Mortuo

1638 3691 1900 3743 Amilcare
1925 3691 2204 3756 Asdrubal,
2229 3692 2506 3756 Amilcaris
2531 3704 2701 3758 gener,

1638 3776 1760 3819 octo
1783 3783 1942 3819 anuos
1982 3769 2257 3834 imperium
2280 3768 2532 3832 obtinuit,
2572 3766 2700 3834 quod

1638 3859 1769 3909 puer
1786 3853 1928 3896 esset
1943 3844 2189 3896 Annibal.
2239 3844 2420 3896 Annos
2424 3846 2540 3910 jam
2555 3845 2698 3896 habe-

1637 3942 1751 3978 mus
1788 3928 1968 3992 viginti
2010 3935 2117 3978 tres
2153 3941 2184 3976 a
2215 3925 2319 3978 flue
2342 3926 2540 3978 Punici
2560 3925 2699 3993 primi

1638 4003 1785 4068 belli,
1805 4019 1909 4069 quo
1925 4019 2027 4069 pax
2049 3999 2192 4056 facta
2213 4010 2316 4066 est,
2337 4017 2501 4068 usque
2528 4004 2594 4054 ad
2616 4003 2698 4053 ini.

1639 4080 1765 4132 tium
1785 4081 1989 4146 imperii
2003 4078 2293 4131 Annibalis.
2359 4080 2508 4131 Quin
2527 4087 2696 4131 etcum

1636 4158 1735 4209 boc
1759 4157 2073 4222 Asdrubale,
2109 4155 2271 4207 dum
2257 4170 2310 4206 ιιι
2341 4155 2566 4222 imperio
2587 4155 2693 4220 fuit,

1639 4232 1805 4284 fredus
1844 4240 2158 4285 renovarunt
2198 4233 2438 4284 Romani.
2507 4232 2581 4283 At
2613 4231 2692 4281 ubi

1639 4309 1745 4363 dux
1777 4312 2077 4400 declaratus
2110 4316 2191 4362 est
2208 4309 2457 4375 Annibal,
2491 4309 2632 4377 quasi
2655 4307 2694 4359 sl
