2950 4892
482 353 612 418 498

485 517 582 561 tur.
646 508 772 572 Sed,
795 512 852 559 ut
872 522 1045 559 rernm
1066 504 1251 570 fatear,
1264 511 1417 558 acute
1438 519 1544 554 ma·

486 587 566 651 gis
600 600 751 651 quam
790 598 929 635 vere.
969 597 1086 633 uam
1119 583 1386 647 vulgatam
1425 595 1543 645 pos·

486 678 659 713 sumus
682 661 962 712 defendere
983 667 1040 712 et
1076 673 1360 725 exponere,
1390 658 1544 707 immo

486 747 543 791 et
563 739 827 791 debemus.
842 738 943 789 Sal.
979 737 1160 788 Lectio
1174 734 1381 788 minime
1404 733 1542 784 solli-

487 817 715 879 citanda,
732 823 913 882 utpote
933 819 1225 866 sustentata
1248 811 1405 863 etiam
1427 825 1546 861 auc-

488 895 701 945 toritate
729 893 844 945 Pal.
868 908 943 957 pr.
965 898 1019 940 et
1040 903 1146 940 sec.
1181 889 1447 953 solumque
1472 886 1543 936 vi·

486 972 619 1023 situr
640 969 767 1021 illud
787 968 1082 1029 frustratam
1104 965 1158 1014 in
1184 964 1358 1015 tertio.
1394 965 1543 1014 (ἓν-ιιι.

488 1049 742 1098 Frustmto
776 1047 905 1095 circu
940 1047 1252 1108 purpuratum
1289 1040 1387 1102 ejas
1424 1040 1545 1105 ida]

486 1110 575 1173 ‘sie
597 1123 748 1186 plane
766 1121 935 1184 Ryck.
958 1134 1076 1169 cum
1100 1118 1340 1182 vulgati»,
1360 1122 1416 1167 et
1438 1131 1547 1167 rec·

487 1198 594 1250 tius
614 1213 765 1264 quam
788 1212 966 1247 omnes
987 1196 1094 1259 alii,
1120 1209 1244 1260 qnos
1265 1194 1546 1246 Salmasius

488 1274 701 1326 evolvit.
763 1275 954 1324 Sensus
971 1279 1072 1333 est,
1102 1285 1216 1322 eum
1244 1285 1348 1321 non
1372 1271 1549 1321 vulne-

488 1366 631 1402 rasse
650 1358 707 1401 et
730 1350 977 1401 occidisse
1005 1362 1202 1412 regem,
1234 1354 1296 1398 ut
1318 1347 1546 1409 volebat,

489 1428 584 1479 sed
607 1428 804 1492 regium
828 1426 1130 1476 ministrnm.
1158 1425 1323 1474 Gra-v.
1389 1425 1545 1475 Saltu.

488 1506 589 1558 sibi
616 1520 719 1555 non
755 1511 990 1555 constat:
1027 1517 1143 1553 nam
1174 1503 1228 1552 iu
1261 1502 1548 1567 exemplari

488 1597 582 1634 suo
598 1583 676 1633 ita
697 1582 1000 1646 scripserat,
1019 1579 1317 1640 frustratum
1331 1587 1387 1629 et
1401 1580 1550 1629 ictum

488 1656 543 1710 in
566 1675 646 1724 pr.
664 1659 779 1709 Pal.
800 1672 903 1707 non
925 1658 1049 1707 item
1070 1656 1123 1706 in
1145 1656 1277 1705 aliis.
1320 1656 1427 1706 Sed
1449 1657 1548 1707 hoc

489 1752 695 1804 quoque
725 1749 1018 1799 perperam,
1048 1734 1093 1784 si
1114 1731 1344 1783 Grutero
1382 1733 1549 1783 credi-

489 1830 625 1877 mus,
660 1814 747 1878 qui
773 1812 1068 1873 frustratum
1085 1811 1233 1860 ictum
1263 1816 1464 1861 tantum
1495 1812 1549 1861 in

492 1891 612 1941 Pal.
633 1896 684 1941 3.
705 1889 947 1950 fnestrato
967 1888 1067 1938 ictu
1101 1889 1153 1938 in
1176 1888 1292 1937 Pal.
1332 1892 1376 1939 1.
1412 1896 1469 1938 et
1499 1892 1550 1938 2.

492 1980 608 2016 esse
631 1973 873 2015 testatur.
937 1967 1009 2015 Et
1031 1966 1107 2015 ita
1128 1973 1213 2015 est
1234 1964 1286 2013 in
1310 1964 1424 2014 aliis
1446 1979 1548 2015 om.

492 2057 565 2093 sc.
601 2048 658 2093 et
688 2041 753 2092 V.
776 2042 838 2091 E.
874 2056 935 2091 ac
957 2041 1105 2092 Frec.
1140 2042 1392 2091 Frustruto
1421 2040 1551 2090 circa

486 2122 802 2184 par-puratum
840 2117 941 2167 icta
985 2116 1138 2179 dicit,
1185 2131 1282 2182 pro
1337 2116 1449 2182 ipse
1495 2129 1551 2166 se

495 2194 775 2246 frustratus
798 2202 856 2246 et
877 2208 1075 2258 errans,
1106 2195 1215 2245 ictu
1237 2208 1338 2244 non
1371 2194 1427 2244 in
1449 2194 1550 2247 Re-

493 2286 628 2337 gem,
659 2272 751 2323 sed
785 2271 836 2321 in
870 2278 1212 2336 purpuratum
1234 2271 1364 2335 ejus,
1396 2284 1550 2336 quem

491 2349 692 2413 Regem
716 2364 831 2400 esse
849 2347 1117 2412 credebat,
1132 2348 1353 2399 directo.
1405 2349 1555 2398 Frus-

492 2430 651 2493 tratas
672 2425 876 2490 passive
898 2424 1139 2475 crebrum
1180 2431 1263 2475 est
1285 2424 1424 2489 apud
1447 2425 1551 2475 Ve-

494 2508 652 2551 teres.
719 2501 918 2563 Colum‚
960 2514 1037 2550 iv·
1076 2504 1158 2551 25.
1187 2500 1203 2528 ‘
1236 2500 1341 2553 Qui
1377 2501 1551 2551 cresim

492 2576 653 2626 vitem
672 2576 821 2642 petit,
834 2576 879 2625 si
895 2573 1173 2626 frustratus
1190 2575 1305 2626 est.’
1334 2575 1558 2627 Sisenna

491 2667 578 2718 ap.
598 2653 823 2704 Nonium
844 2653 899 2702 iu
912 2652 1113 2717 Opinio:
1131 2656 1148 2681 ‘
1164 2652 1425 2717 Popedius
1440 2654 1554 2719 opi·

491 2730 644 2782 nione
664 2728 953 2781 frustrata:
1005 2730 1095 2780 Sic
1116 2729 1237 2780 Sall.
1259 2730 1382 2795 Jug.
1398 2743 1554 2779 um.

489 2809 659 2859 Vellei
683 2822 742 2860 ιι.
763 2812 844 2858 43.
881 2813 938 2857 et
959 2807 1064 2856 alii.
1132 2807 1270 2858 Nem
1293 2813 1350 2857 et
1379 2807 1394 2835 ‘
1418 2804 1553 2857 frus-

493 2890 602 2955 tro'
634 2885 900 2948 dicebant,
934 2892 994 2934 ut
1009 2885 1254 2936 Diomed.
1288 2885 1402 2936 Lib.
1425 2900 1467 2935 ι.
1502 2900 1553 2950 p.

492 2964 610 3013 395.
642 2967 699 3010 et
720 2960 921 3010 Nonius
943 2960 995 3008 in
1016 2959 1225 3020 frustm.
1295 2961 1438 3010 Circa
1458 2973 1554 3024 pro

494 3034 569 3095 in,
615 3035 716 3098 vei,
752 3034 893 3099 quod
934 3036 1129 3084 attinet
1172 3033 1259 3096 ad,
1300 3049 1442 3099 soepe
1476 3035 1554 3085 di·

494 3117 623 3160 cunt
638 3112 953 3162 recentiores
969 3111 1232 3176 praecipue
1244 3112 1553 3175 Scriptores.

493 3190 640 3240 Suet.
682 3190 818 3240 Caes.
869 3203 917 3238 c.
964 3202 1114 3239 uir.
1161 3190 1178 3219 ⁸
1218 3188 1554 3241 Alexandriae

495 3267 639 3317 circa
689 3265 1130 3330 oppugnationem
1188 3265 1397 3329 pontis.’
1484 3268 1554 3317 Et

497 3343 684 3394 Claud.
706 3356 829 3392 xiv,
861 3342 877 3371 ‘
904 3342 1056 3392 Novo
1085 3340 1225 3392 circa
1252 3341 1552 3407 Principem

410 3474 415 3477 ,
495 3419 775 3483 exemplo!
840 3418 979 3468 Pliu.
1016 3420 1116 3483 Ep.
1150 3433 1205 3469 v,
1229 3423 1310 3468 14.
1344 3419 1360 3447 ‘
1385 3419 1552 3473 Quem

492 3495 751 3546 habuisset
774 3502 1016 3545 eventurn
1035 3496 1308 3559 postulatio
1327 3497 1551 3562 Nepotis

496 3572 638 3622 circa
656 3570 977 3621 Tuscilium?
1020 3571 1144 3621 Seu.
1167 3571 1234 3620 de
1257 3570 1343 3620 Ira
1365 3587 1449 3623 ιιι.
1471 3578 1552 3625 32.

403 3660 407 3665 ·
494 3651 509 3677 ⁸
536 3648 692 3700 Circa
711 3649 978 3712 pecuniam
999 3648 1275 3712 plurimum
1298 3648 1552 3700 vocifera-

497 3726 654 3775 tionis
677 3724 793 3776 est.’
828 3724 968 3775 Flor.
988 3738 1027 3774 ι.
1052 3727 1133 3787 18,
1158 3727 1241 3773 22.
1279 3733 1334 3773 et
1361 3738 1446 3777 111.
1472 3730 1553 3787 19,

498 3804 579 3852 12.
1194 3816 1201 3821 '

562 3877 913 3941 Par-puratum]
941 3877 1160 3928 Scribam
1182 3881 1337 3926 vocat
1358 3878 1553 3942 Livius,

496 3958 546 4003 2.
572 3956 652 4015 12,
681 3957 729 4003 7.
761 3958 818 4003 et
853 3952 1033 4005 Sidon.
1082 3954 1256 4004 Carm.
1290 3958 1338 4002 5.
1373 3969 1445 4004 vs.
1468 3959 1552 4005 74.

500 4028 720 4091 Dionys.
752 4029 928 4091 etiam,
949 4036 996 4080 5.
1018 4035 1102 4082 28.
1134 4035 1308 4091 vocat,
1342 4046 1554 4094 ymmo-

493 4101 597 4165 τέα,
642 4117 769 4168 quos
829 4105 1005 4156 multas
1048 4107 1334 4171 ‚dignitatis
1393 4107 1555 4159 fuisse

495 4178 670 4234 elucet
691 4177 812 4228 inde
833 4180 1007 4242 etiam,
1026 4182 1165 4248 quod
1191 4183 1242 4231 in
1266 4197 1396 4246 pace
1414 4185 1556 4235 AEto·

496 4253 558 4306 lis
577 4252 699 4304 dats
714 4253 1102 4320 excipiebatur:
1126 4256 1139 4283 ‘
1161 4256 1330 4307 Obses
1354 4274 1419 4311 ne
1440 4268 1554 4311 esto

1172 362 1389 412 No'rAE
1440 359 1839 410 vsmolzuu
1895 360 1973 409 ΙΝ

1618 509 1831 570 prator,
1880 500 2164 569 profectus
2205 500 2459 568 equitum,
2506 499 2677 550 scriba

1619 581 1892 646 pnblicus.’
1950 581 2151 642 Livius,
2182 584 2263 637 ⁸8,
2298 584 2383 641 11,
2403 582 2456 628 6.
2523 576 2678 628 Adde

1619 658 1768 709 Curt.
1792 662 1842 708 7.
1864 661 1915 721 8,
1936 662 1987 709 4.
2010 662 2067 708 et
2087 661 2136 707 8.
2159 661 2239 720 11,
2258 661 2308 706 5.
2356 656 2515 705 Corn.
2539 652 2678 714 Nep.

1619 736 1671 786 in
1694 736 1957 787 Eumene:
1995 733 2202 784 Arrian-
2243 736 2293 783 8.
2329 736 2379 794 1,
2413 733 2498 781 18.
2564 728 2678 778 Nec

1617 810 1686 862 ab
1706 811 1787 862 bis
1811 810 1994 862 differe
2017 817 2194 876 putem
2217 807 2563 858 Hebraeoruru
2579 804 2681 855 Re·

1618 903 1738 953 gum
1761 888 1977 950 scribas,
2017 902 2232 953 quorum
2266 882 2682 951 frequentissima

1619 966 1672 1015 in
1696 966 1855 1016 sacris
1876 964 2021 1015 libris
2040 964 2256 1015 mentio.
2296 962 2381 1012 Fr.

1687 1042 1856 1104 Infecit
1875 1041 2085 1105 manum]
2106 1042 2232 1091 'ron-
2249 1040 2403 1089 Fran.
2421 1045 2480 1089 et
2495 1036 2681 1089 Duisb.

1620 1119 1773 1170 inicit.
1840 1119 1958 1169 Hoc
1995 1118 2252 1168 Gruterus
2281 1117 2438 1166 etiam
2475 1130 2507 1164 e
2545 1115 2680 1164 Naz.

1624 1196 1742 1246 Pal.
1764 1201 1814 1246 2.
1837 1203 1892 1246 et
1911 1197 1977 1245 V.
2006 1197 2063 1244 E.
2087 1194 2319 1257 adnotat,
2339 1199 2394 1243 et
2417 1192 2544 1242 nihil
2569 1206 2679 1242 cer-

1622 1278 1724 1328 tius
1742 1292 1856 1328 esse
1874 1276 2023 1338 dicit,
2044 1290 2195 1340 quam
2213 1275 2288 1324 ita
2306 1287 2517 1337 semper
2529 1270 2681 1322 unica

1623 1355 1776 1404 litera
1817 1355 1838 1403 i
1875 1352 2221 1403 scribendum.
2300 1350 2442 1400 Sane
2479 1354 2680 1399 certum

1623 1438 1722 1495 est,
1753 1430 2041 1495 sapissime
2074 1429 2126 1478 in
2164 1427 2310 1478 libris
2344 1432 2454 1476 vet.
2499 1430 2559 1474 et
2599 1424 2684 1474 ln-

1622 1508 1827 1571 scriptt.
1871 1506 2029 1557 scribi
2077 1507 2092 1533 ‘
2129 1502 2375 1563 adicere,'
2409 1504 2424 1530 ⁶
2458 1497 2684 1563 inicere,'

1621 1590 1638 1616 ⁸
1674 1584 1906 1655 reicere?
1954 1584 1973 1612 ‘
2003 1581 2277 1646 conicere,'
2325 1588 2382 1630 et
2425 1579 2528 1629 alia
2567 1592 2682 1627 cum

1611 1662 1740 1725 jacio
1762 1662 2066 1725 composita.
2133 1658 2255 1707 Vid-
2278 1658 2427 1707 Serv.
2451 1655 2520 1705 ad
2537 1656 2682 1718 Virg-

1624 1738 1740 1789 AEn.
1763 1751 1842 1789 iv,
1873 1741 1985 1788 549.
2050 1734 2176 1786 Αιιι.
2198 1733 2478 1798 Angustia.
2501 1733 2684 1782 Emen-

1626 1814 1735 1864 dat.
1772 1827 1835 1863 ιι.
1871 1817 1921 1863 8.
1987 1813 2220 1863 Carrion.
2259 1809 2444 1874 Antiq.
2485 1810 2609 1859 lect.
2643 1821 2686 1856 1.

1623 1895 1674 1940 5.
1743 1887 1921 1941 Gifan.
1955 1889 2124 1939 Indic.
2149 1889 2358 1938 Lueret.
2398 1885 2581 1935 Barth.
2621 1882 2686 1933 ad

1626 1966 1812 2018 Claud.
1854 1966 1922 2015 de
1965 1965 2099 2029 Rap.
2143 1964 2293 2014 Pros.
2333 1975 2422 2013 ιιι.
2462 1976 2537 2012 vs.
2578 1963 2686 2010 134.

1628 2043 1802 2099 Notis.
1825 2044 2009 2094 Cenot.
2027 2042 2208 2092 Pisan.
2225 2040 2449 2090 Dissert.
2469 2053 2541 2088 ιν.
2570 2050 2688 2100 cap.

1624 2124 1675 2170 4.
1712 2121 1938 2171 Broekh.
1958 2120 2024 2169 ad
2048 2118 2222 2168 Tibul.
2247 2131 2286 2167 1.
2317 2121 2368 2179 9,
2389 2120 2472 2166 54.
2507 2116 2688 2166 Burm.

1625 2196 1692 2247 ad
1711 2197 1899 2247 Vellei.
1919 2210 1957 2247 1.
1978 2200 2029 2246 2.
2046 2204 2101 2244 et
2119 2193 2337 2244 Munck.
2359 2192 2426 2241 ad
2449 2192 2690 2255 Fulgeut.

1625 2275 1794 2338 Myth.
1819 2288 1882 2324 ιι.
1905 2278 1957 2324 4.
1979 2277 2034 2324 et
2054 2285 2143 2321 ιιι.
2165 2274 2218 2320 6.
2283 2269 2370 2320 Sic
2390 2268 2688 2319 Pandectes

1625 2353 1853 2403 Florent-
1886 2351 1938 2401 iu
1976 2351 2011 2399 1.
2049 2354 2132 2399 26.
2165 2351 2213 2413 ς.
2249 2351 2300 2397 6.
2334 2345 2404 2396 de
2443 2345 2689 2397 Condict.

1627 2427 1802 2479 indeb.
1822 2429 1837 2456 ‘
1853 2428 2002 2479 Idem
2020 2425 2306 2476 Marcellus
2330 2423 2534 2474 adicit?
2555 2424 2590 2471 1.
2610 2427 2691 2472 25.

1625 2507 1671 2570 ς.
1694 2510 1745 2555 9.
1778 2504 1845 2555 de
1871 2505 2024 2554 AEdil.
2046 2502 2216 2554 Edict-
2246 2503 2263 2530 ‘
2286 2501 2352 2552 In
2368 2500 2563 2551 Edicto
2587 2498 2696 2550 adi·

1626 2580 1796 2643 citur‚’
1818 2587 1874 2630 et
1894 2580 1932 2630 1.
1950 2583 2001 2630 4.
2020 2582 2067 2644 ς.
2088 2584 2133 2629 1.
2156 2576 2225 2628 de
2244 2577 2511 2628 Eviction.
2551 2578 2570 2606 ⁸
2587 2575 2694 2627 Sed

1629 2655 1795 2708 adicit
1835 2656 1889 2706 in
1939 2656 1992 2707 id
2037 2654 2281 2718 demum‚’
2331 2668 2448 2719 quae
2493 2658 2696 2704 mutata

1629 2738 1750 2783 aunt
1791 2733 1845 2782 ιιι
1885 2734 2024 2796 αισι-ι,
2064 2712 2253 2795 adiicit,
2300 2730 2503 2794 areum,
2543 2728 2694 2780 aaa.

1628 2809 1750 2861 vid.
1773 2810 1895 2861 infr.
1921 2825 1966 2861 c.
1990 2823 2119 2862 1111.
2152 2812 2198 2874 ξ.
2221 2813 2302 2859 14.

1692 2888 1736 2950 ς.
1756 2891 1790 2937 6
1823 2886 2142 2943 Ωκεηιυίπιηι
2160 2885 2418 2951 effugeris]
2435 2885 2582 2939 Quid
2598 2886 2694 2935 hoc

1629 2961 1696 3011 ad
1734 2962 2128 3013 aestimationem
2167 2961 2285 3024 viri,
2315 2966 2434 3011 8⁰0.
2471 2976 2542 3011 an
2588 2960 2698 3025 plus

1628 3039 1862 3089 minusve
1902 3039 2092 3088 habeat
2132 3037 2433 3088 sociorum?
2478 3044 2697 3102 putave-

1629 3129 1738 3164 ram
1776 3116 1879 3180 leg.
1912 3130 2050 3178 qaum
2079 3128 2269 3178 purum.
2339 3113 2451 3163 Sed
2488 3126 2610 3163 cum
2645 3126 2700 3176 q«

1629 3190 1679 3241 1.
1709 3191 1952 3252 habeant,
1983 3205 2120 3256 quem
2155 3191 2262 3250 vix,
2295 3189 2486 3247 meiius
2526 3202 2697 3239 emen-

1629 3266 1723 3317 dat
1762 3267 2075 3317 Berneccer.
2115 3282 2259 3331 qaum
2287 3267 2410 3326 vina,-
2442 3266 2701 3331 explicat·

1627 3357 1748 3408 que,
1768 3358 1906 3406 quam
1927 3345 2010 3393 vix
2028 3342 2279 3407 effugeris,
2298 3343 2400 3393 boc
2421 3349 2529 3406 est,
2548 3356 2698 3409 qnam

1629 3419 1717 3469 vix
1740 3417 1971 3483 effugere
1994 3419 2211 3484 poteris,
2244 3425 2303 3469 nt
2323 3419 2491 3479 istud,
2519 3418 2699 3485 &iuge-

1627 3496 1715 3557 ris,
1745 3494 1977 3546 futurum
1995 3502 2160 3546 notet.
2194 3496 2284 3546 Fr.
2350 3497 2556 3547 Tollius
2578 3498 2702 3559 For·

1630 3572 1747 3623 tuit.
1786 3588 1833 3624 c.
1852 3586 2007 3624 xxvi.
2032 3573 2236 3637 scribit,
2272 3572 2377 3624 sibi
2404 3589 2616 3640 quoqne
2651 3574 2702 3623 in

1625 3656 1852 3699 mentem
1889 3651 2086 3700 venisse
2125 3650 2490 3714 conjecturam
2522 3650 2700 3702 Frein-

1628 3723 1804 3773 shemii
1821 3739 1961 3787 quan·
1979 3732 2231 3788 paz-umet
2251 3725 2327 3776 sic
2349 3727 2457 3791 legi
2478 3727 2532 3776 in
2551 3728 2704 3779 Frec.

1630 3799 1718 3851 Ita
1741 3799 1976 3852 fortassis
1998 3811 2079 3853 est
2102 3803 2155 3853 in
2181 3804 2300 3855 aliis
2325 3805 2467 3856 Edd.
2490 3807 2702 3858 Frecnl-

1630 3867 1907 3943 phi‚‘quod
1930 3879 2342 3931 Commeiiniana
2363 3882 2548 3947 habet,
2567 3898 2700 3947 queas

1628 3951 1857 4017 effugeris
1887 3953 2062 4005 viram
2126 3955 2430 4008 Gronovius
2472 3959 2607 4026 Oba.
2637 3973 2699 4010 ιι.

1628 4034 1713 4080 25.
1747 4034 1900 4093 putat
1940 4030 2112 4081 locum
2155 4047 2317 4095 prava
2357 4033 2702 4086 distinctione

1629 4103 1881 4169 laborare,
1912 4113 1970 4157 et
2004 4107 2081 4157 ita
2103 4106 2592 4171 distinguendum:
2631 4112 2698 4161 Ut

1625 4182 1762 4243 scias,
1778 4178 1953 4245 inquit,
1967 4197 2101 4246 quem
2115 4183 2270 4232 uirum
2287 4184 2544 4248 (fingeris.
2567 4188 2699 4237 lde-

1632 4256 2123 4317 trecentum-avimus.
2160 4260 2370 4325 Nempe
2383 4263 2575 4314 Florus
2595 4263 2697 4314 duo
