2950 4892
531 357 672 425 778-

537 517 676 584 qnod
707 517 898 569 Musae
927 523 1139 582 vocant,
1157 516 1420 570 referente
1451 519 1592 569 Ban-

537 594 680 659 hino,
709 595 761 645 in
791 596 984 646 Pinaee
1018 610 1110 646 suo
1140 595 1371 646 Medico.
1439 595 1593 646 Adde

540 670 757 721 (kanb.
793 671 859 721 ad
903 670 1090 722 Baron.
1132 675 1212 729 16,
1249 675 1330 721 80.
1377 670 1596 721 Freinsk.

538 747 676 799 Item
707 748 925 813 Rupert.
959 747 1024 797 ad
1059 748 1110 797 b.
1133 748 1169 798 l.
1206 753 1261 797 et
1299 747 1495 812 Cuper.
1528 747 1596 798 ad

536 825 757 879 Auctor.
774 828 841 879 de
855 827 1073 878 Mortib.
1086 829 1359 879 Perseent.
1372 843 1421 877 e.
1440 840 1597 880 xnrx.

539 904 663 956 Sen.
696 919 734 956 1.
775 904 841 955 de
874 904 964 955 Ira
994 908 1075 954 18.
1129 905 1145 933 4
1167 904 1326 954 Multi
1360 904 1597 956 meliores

540 980 610 1031 ad
631 980 827 1031 ferrum
849 979 998 1031 fuere
1019 981 1153 1031 male
1174 981 1364 1032 sobrii!

609 1056 780 1120 eelim]
814 1058 1112 1121 Cerevisiae,
1134 1064 1189 1109 ut
1220 1056 1334 1109 fere
1362 1066 1597 1124 vocatur,

543 1148 720 1200 genus.
784 1133 919 1184 Vide
941 1134 1044 1184 late
1075 1133 1141 1184 de
1162 1135 1259 1185 hac
1287 1148 1344 1184 re
1379 1136 1600 1187 Hadria·

542 1223 664 1261 num
718 1210 949 1274 Juuium,
995 1209 1268 1261 Animadv.
1311 1215 1363 1275 2,
1418 1217 1498 1263 12.
1546 1219 1602 1262 et

543 1285 1000 1351 Lindenbrogium,
1031 1286 1096 1337 sd
1120 1286 1376 1338 Ammian.
1399 1292 1483 1351 26,
1516 1292 1600 1339 22.

545 1369 746 1424 Quibus
803 1368 937 1419 adde
988 1368 1216 1434 lepidum
1272 1369 1602 1435 Epigramma

542 1446 760 1510 Juliani,
775 1447 840 1498 ab
857 1446 1072 1498 Erasmo
1089 1461 1287 1497 versum
1306 1446 1404 1498 hoc
1419 1448 1600 1497 modo:

541 1523 561 1553 ‘
591 1525 799 1576 Bacche
833 1524 981 1590 quis?
1032 1523 1170 1573 unde
1198 1523 1380 1575 venis?
1423 1538 1603 1576 verum

545 1599 644 1651 tibi
667 1600 841 1666 dejero
875 1600 1157 1664 Bacchum,
1189 1601 1265 1651 Te
1292 1599 1430 1650 band
1464 1601 1605 1662 novi,

549 1683 751 1729 tantum
795 1685 881 1729 est
918 1677 1158 1743 cognitus
1199 1677 1286 1728 ille
1321 1678 1489 1731 Jovis.
1551 1678 1606 1728 Is

544 1763 730 1806 nectar
753 1755 975 1817 redolet,
995 1753 1194 1805 hircum
1229 1760 1285 1805 tu
1308 1771 1322 1803 ε
1363 1754 1470 1818 dic,
1488 1768 1606 1819 age,

544 1846 668 1882 nnm
710 1838 765 1883 te
802 1832 849 1882 E
882 1832 1039 1896 spicis
1076 1831 1230 1882 finxit
1274 1831 1444 1882 Gallia
1485 1832 1604 1882 vitis

546 1907 728 1971 inops?
779 1908 899 1956 Non
930 1906 1089 1972 igitur
1119 1907 1382 1958 Bacchum
1408 1915 1464 1959 te
1495 1907 1607 1958 dix-

548 1997 656 2048 ero,
669 1982 762 2032 sed
779 1983 1064 2046 Cerealem,
1079 1984 1147 2033 Et
1159 1981 1608 2048 frumentigenam,

549 2074 647 2112 nec
689 2061 972 2125 Bromium,
1004 2061 1106 2110 imo
1137 2062 1418 2111 Bromum!
1470 2061 1606 2112 Item

549 2136 692 2186 Plin.
733 2140 813 2201 14,
848 2140 931 2186 22.
969 2137 1022 2187 in
1058 2136 1182 2188 fine.
1235 2137 1454 2189 Freinsh.
1521 2138 1607 2188 De

547 2212 565 2243 ‘
591 2213 755 2264 celia'
808 2221 888 2264 est
936 2214 1170 2278 Epistola
1211 2214 1496 2265 Boxbornii
1541 2213 1609 2264 ad

550 2291 898 2343 Blancsrdum
937 2292 991 2342 in
1025 2292 1274 2358 Epistolls
1307 2292 1610 2358 Boxhornii,

550 2373 608 2418 et
630 2368 804 2419 Crenii
826 2367 1068 2419 Analect.
1094 2383 1149 2433 p.
1170 2371 1286 2419 215.

615 2444 699 2494 &c
748 2450 917 2495 meunt
972 2445 1208 2508 indigena.-
1260 2459 1323 2495 ex
1366 2445 1609 2505 frumento

545 2521 804 2585 potionem]
853 2522 971 2572 Hoc
1009 2536 1227 2587 sequor:
1273 2522 1365 2573 sed
1392 2523 1611 2574 babetur

548 2598 604 2646 in
625 2598 775 2648 libris
792 2598 1033 2663 optimis:
1063 2598 1612 2664 stemmatinaffgenm

551 2690 615 2726 ex
654 2676 901 2738 stamme
949 2675 1202 2739 potionem.
1307 2676 1612 2741 Indigenam

551 2753 838 2818 potionem,
872 2752 1117 2818 ἐπιχώριον
1139 2750 1287 2816 πόμα,
1320 2757 1378 2802 et
1405 2750 1613 2802 fortean

551 2831 629 2882 ita
667 2830 939 2895 scripserit
975 2831 1190 2880 Florus:
1231 2830 1367 2896 qnod
1413 2836 1613 2881 temere

550 2920 655 2956 non
679 2904 993 2957 affirmarim.
1041 2907 1190 2959 Salui.
1259 2906 1390 2957 Naz.
1422 2907 1613 2969 indege-

552 2996 679 3033 num.
712 2982 867 3047 Pan„
882 2982 1090 3048 qnidam
1106 2983 1228 3033 libri
1242 2982 1440 3045 Vineti,
1459 2985 1613 3034 Fran.

556 3057 718 3122 Magi.
747 3059 920 3109 Berol.
953 3058 1138 3109 Duisb.
1160 3060 1314 3110 Voss.
1337 3063 1386 3110 1.
1411 3066 1468 3110 et
1490 3076 1542 3111 v.
1564 3075 1615 3111 e.

553 3133 846 3202 indigenum.
927 3133 1046 3184 Hoc
1104 3136 1245 3200 prins
1299 3137 1618 3201 probaverat

555 3209 713 3260 Salm.
777 3209 849 3259 Et
893 3216 1039 3260 recte
1068 3210 1293 3276 quidem.
1331 3213 1469 3265 Plln.
1499 3227 1614 3265 xiv.

558 3285 632 3335 1-1.
659 3285 729 3334 N.
752 3289 803 3334 6.
840 3285 858 3313 4
882 3285 967 3335 De
985 3285 1228 3349 indigena
1247 3288 1402 3338 vino?
1444 3288 1614 3341 Sidon.

558 3372 703 3412 xm.
724 3361 894 3411 Carm.
912 3365 993 3412 27.
1029 3362 1044 3389 ‘
1061 3361 1363 3426 Indigenarn
1386 3363 1616 3416 fulminis

558 3435 769 3500 ignem!
819 3437 959 3488 Geli.
998 3450 1064 3488 11.
1088 3442 1171 3489 24.
1234 3443 1250 3468 ⁴
1277 3440 1464 3505 Neque
1498 3442 1617 3493 vino

561 3513 870 3580 alienigena,
906 3514 998 3564 sed
1034 3517 1204 3579 patrio
1238 3518 1454 3568 usuros!
1497 3520 1615 3573 Val.

560 3592 638 3644 Μ.
660 3606 698 3643 ι.
720 3597 770 3642 ⁵.
837 3598 853 3623 ⁴
877 3594 1092 3657 Extera,
1113 3595 1164 3643 id
1198 3602 1299 3658 est,
1322 3597 1619 3665 alienigena

559 3670 834 3735 exempla!
913 3671 1061 3722 Vocat
1111 3671 1342 3736 indigena
1386 3679 1618 3728 nonnulli

557 3748 679 3800 libri
699 3749 819 3799 Vin.
837 3757 894 3800 et
909 3749 1062 3799 Voss.
1081 3754 1131 3800 2.

625 3825 982 3890 Eaesramento]
1030 3827 1157 3876 Tac.
1179 3825 1233 3876 in
1251 3827 1429 3880 Germ.
1449 3833 1534 3882 28.
1567 3835 1619 3884 1.

564 3903 581 3929 ⁸
595 3900 755 3951 Potui
769 3902 966 3964 humor,
979 3917 1043 3953 ex
1058 3901 1255 3954 hordeo
1268 3910 1322 3955 et
1336 3904 1626 3972 frumento,'

567 3973 621 4023 in
655 3976 909 4039 quandam
948 3978 1333 4031 similitudinem
1363 3983 1466 4032 vini
1504 3995 1628 4036 cor*

568 4051 780 4113 ruptus!
824 4053 1039 4107 Freinsh.
1105 4057 1277 4108 Etiam
1302 4059 1414 4110 alite
1435 4069 1618 4126 gentes

568 4126 781 4190 potione
803 4135 858 4177 et
887 4130 1085 4197 tritico,
1114 4133 1331 4200 hordeo,
1354 4151 1505 4203 pane,
1534 4141 1622 4190 vel

570 4201 709 4253 milio
757 4202 1052 4258 utebantur.
1145 4209 1268 4264 Vid.
1333 4213 1510 4268 Vinet.
1564 4221 1621 4270 et

1232 373 1447 425 NOTAE
1497 373 1896 425 VARIORUM
1949 373 2022 424 ΙΝ

1668 514 2696 582 Rupere-dh.1.eil²ietns.sd'roe.l.d.

1670 595 1810 645 Add.
1828 596 1947 657 bue,
1967 608 2084 659 qna
2118 593 2242 643 adl.
2263 597 2312 643 2.
2358 595 2436 644 D.
2454 592 2528 642 de
2558 593 2707 644 trine..

1670 672 1775 722 vin.
1796 672 1865 722 ol.
1888 671 1991 736 leg.
2013 670 2195 722 scribit
2215 671 2397 736 cujac.
2418 681 2574 721 xxxv·
2590 669 2703 722 oh.

1669 753 1755 801 89.

1736 827 1785 892 ς.
1809 831 1872 877 18
1906 826 2020 880 Non
2048 829 2119 876 est
2146 824 2375 890 permissa
2394 839 2557 890 pugna
2585 826 2706 875 nui·

1670 901 1816 967 turis]
1886 902 2217 963 Prudenter;
2267 915 2387 951 cum
2436 900 2710 965 desperatis

1672 979 1807 1030 enim
1847 993 2101 1044 pugnare,
2141 978 2299 1028 nihilo
2352 978 2575 1029 sanioris
2618 979 2711 1030 sit:

1672 1054 2050 1122 quapropterid
2065 1053 2245 1104 sedulo
2256 1063 2515 1106 caverunt
2528 1055 2714 1106 masiti

1673 1133 1852 1185 duces.
1919 1131 2191 1197 Agesilaus
2222 1146 2464 1197 pugnare
2503 1133 2572 1183 ob
2596 1133 2718 1182 hane

1673 1223 1881 1260 causam
1926 1210 2095 1260 noluit
2141 1224 2257 1259 cum
2300 1210 2604 1272 Messeniis,
2646 1224 2718 1274 ap.

1675 1287 1908 1352 Polyaen.
1931 1286 2022 1336 lib.
2046 1289 2095 1337 2.
2171 1287 2407 1337 Frontin.
2430 1291 2486 1351 2,
2508 1292 2560 1350 1,
2579 1291 2654 1337 10.
2670 1293 2718 1336 et

1674 1377 1791 1414 cum
1833 1360 2116 1424 Tbebanis,
2150 1377 2234 1427 sp.
2276 1363 2500 1413 Diodor.
2534 1368 2616 1428 15,
2649 1368 2718 1414 88.

1675 1442 2012 1507 Emperamus
2034 1441 2319 1508 Spartanus
2342 1456 2464 1492 cnm
2486 1442 2721 1494 Messeni-

1674 1520 1740 1583 is,
1793 1533 1880 1584 ap.
1933 1520 2157 1570 Pansan.
2213 1519 2450 1570 Messen.
2515 1535 2569 1586 p.
2620 1524 2718 1571 85'1.

1679 1596 1962 1661 Pelopidas
1979 1607 2096 1647 cnm
2117 1595 2475 1648 phocensibus
2489 1611 2577 1663 ap.
2589 1598 2721 1647 eand-

1681 1672 1918 1737 Polyaen.
1959 1672 2103 1724 dieto
2144 1673 2298 1723 libro.
2366 1673 2663 1739 Omnesque
2690 1672 2721 1722 ii

1681 1764 1809 1815 quos
1841 1757 2077 1801 recenset
2100 1751 2381 1801 Frontinus
2401 1754 2455 1814 2,
2477 1755 2529 1802 6.
2559 1750 2721 1817 quibus

1679 1826 1798 1877 add.
1850 1826 2115 1878 Aribaenm
2159 1842 2245 1892 ap.
2285 1827 2527 1892 Polyaen.
2564 1827 2650 1879 lib.
2678 1831 2719 1877 ⁷.

1681 1904 2029 1968 Syracusanos
2063 1917 2147 1968 ap.
2182 1903 2424 1967 Thucyd-
2460 1908 2516 1968 ⁷,
2545 1908 2622 1968 1⁵,
2653 1907 2718 1953 ts.

1683 1981 1860 2031 Locris
1906 1988 2052 2032 certe
2086 1996 2119 2032 a
2153 1979 2480 2031 crotoniatis
2513 1994 2721 2047 pugnare

1681 2058 1891 2122 coactis,
1925 2058 1943 2087 ‘
1967 2069 2067 2108 non
2085 2057 2191 2109 alia
2207 2073 2370 2109 causa
2382 2059 2614 2111 victorie
2624 2058 2723 2120 fuit,

1683 2150 1836 2201 qnam
1867 2135 2006 2202 quod
2046 2135 2496 2201 desperaverant?
2550 2136 2724 2188 Justin.

1682 2217 1765 2277 20,
1786 2218 1836 2278 8,
1854 2218 1904 2264 6.
1970 2214 2170 2264 Marius
2191 2215 2208 2243 ‘
2231 2211 2360 2263 forti
2376 2213 2725 2279 desperatione

1685 2292 1818 2340 viam
1840 2290 1951 2355 spei
1971 2288 2133 2341 fecit.'
2185 2289 2351 2340 Oros.
2374 2296 2426 2353 6,
2445 2293 2529 2340 18.
2592 2287 2725 2339 Adde

1684 2364 1777 2416 inf.
1801 2371 1852 2430 8,
1872 2370 1924 2430 8,
1950 2370 2001 2417 Β.
2068 2365 2225 2417 Adde
2257 2366 2381 2417 Tse.
2409 2365 2484 2416 H.
2509 2369 2562 2428 3,
2588 2368 2666 2428 60,
2684 2369 2727 2413 5.

1683 2442 1899 2495 Latron.
1923 2443 2157 2494 Declam.
2175 2441 2230 2492 in
2249 2443 2466 2494 Catilin.
2492 2447 2601 2507 s,8.
2616 2439 2726 2492 Tse.

1685 2522 1766 2583 12,
1787 2523 1873 2583 31,
1889 2523 1938 2570 8.
1971 2519 2162 2572 Justin.
2181 2524 2227 2584 1,
2243 2524 2295 2583 6,
2314 2523 2394 2570 12.
2428 2519 2638 2570 Cronie.
2656 2517 2731 2567 del

1684 2595 1827 2646 Peru
1861 2601 1914 2659 2,
1957 2600 2073 2647 218.
2128 2597 2372 2662 Xenoph.
2409 2610 2464 2661 p.
2499 2599 2616 2647 648.
2655 2594 2731 2644 ubi

1684 2673 2097 2738 Epaminondam
2116 2673 2322 2739 Sparta
2346 2672 2733 2724 imminentema

1686 2752 1868 2816 paucis
1884 2751 2158 2817 oppidanis
2180 2752 2386 2815 pulsum
2416 2749 2623 2812 refert;
2658 2749 2734 2800 sd-

1687 2827 1815 2877 dens
1851 2827 1912 2878 ὦς
1946 2825 2058 2878 τοὺς
2086 2825 2484 2889 &tombam
2517 2826 2663 2878 cosas
2688 2827 2737 2876 b

1688 2902 1935 2964 ὑποσταίη.
1998 2903 2215 2969 Insigne
2258 2906 2336 2955 rei
2382 2906 2543 2972 bdjus
2585 2919 2738 2957 exen-

1688 2982 1827 3047 plum
1868 2995 1958 3046 ap.
1991 2980 2199 3045 Fulgos.
2229 2986 2282 3032 6.
2316 2985 2401 3032 11.
2444 2982 2517 3033 de
2548 2981 2737 3033 Gau&-

1688 3056 1945 3107 vensibns.
2007 3056 2056 3106 Ii
2078 3056 2214 3107 enim
2249 3071 2281 3106 a
2308 3057 2585 3110 Lndovico
2606 3058 2737 3109 Flan-

1689 3134 1816 3185 drise
1841 3133 2045 3185 comite
2078 3133 2277 3184 obsidio
2312 3136 2503 3200 pressi,
2523 3150 2643 3187 eum
2668 3134 2742 3185 de-

1690 3211 1816 3262 dere
1838 3226 1895 3262 se
1918 3212 2132 3275 vellent,
2149 3212 2193 3262 si
2226 3213 2504 3264 toleranda
2520 3214 2647 3264 viris
2664 3213 2741 3264 in-

1691 3295 2031 3353 perarenturz
2066 3290 2157 3338 ille
2179 3295 2374 3355 antem,
2406 3290 2637 3354 pedibas
2666 3305 2741 3342 a·

1691 3364 1791 3430 dis,
1813 3364 2029 3429 abjectis
2051 3365 2397 3417 exterioribus
2419 3367 2744 3431 indumentis,

1691 3453 1874 3512 aperto
1925 3447 2118 3511 capite,
2159 3444 2286 3496 fune
2331 3447 2390 3498 in
2437 3448 2633 3498 collum
2673 3461 2743 3497 ae-

1692 3530 1867 3590 cepto,
1884 3524 2087 3575 veniam
2110 3529 2293 3588 petere
2306 3523 2565 3588 juberet:
2600 3525 2744 3588 indie·

1691 3601 1855 3651 nitate
1879 3601 1953 3653 rei
1970 3600 2037 3650 ad
2059 3599 2481 3664 desperationem
2496 3602 2628 3665 aeti,
2643 3614 2743 3651 eun

1692 3677 1920 3742 quinque
1974 3675 2203 3726 millibus
2264 3677 2549 3741 eruptione
2602 3676 2744 3736 ficu.

1690 3754 1928 3805 hostilem
1982 3753 2271 3803 exercitum
2317 3757 2503 3807 80000.
2559 3753 2747 3806 cecine-

1692 3837 1830 3882 runt.
1886 3831 2108 3882 steinsb.

1754 3907 1950 3972 Mon]
1987 3906 2144 3958 Adde
2165 3906 2258 3958 inf.
2279 3911 2332 3973 8,
2350 3912 2434 3971 10,
2455 3912 2539 3961 25.
2596 3907 2746 3958 Plura

1690 3985 1746 4036 in
1767 3984 1885 4035 Iud.
1938 3984 2159 4035 Freinsk.
2223 3984 2241 4013 4
2269 3986 2541 4036 Loricam·
2580 3986 2665 4036 hie
2692 3989 2743 4035 et

1693 4074 1781 4111 ιιι.
1825 4064 1906 4125 10,
1942 4063 2022 4110 26.
2056 4074 2154 4123 pro
2205 4066 2549 4136 totoaggere
2588 4067 2743 4127 pont.

1692 4138 1814 4189 Vid.
1831 4137 1970 4202 Lips.
1994 4137 2049 4188 in
2069 4136 2191 4188 Ind.
2206 4144 2263 4188 et
2284 4137 2455 4189 Sobel.
2470 4138 2537 4188 sd
2554 4136 2745 4202 nnis.

1761 4216 2065 4284 Quamque
2085 4213 2279 4281 war-is]
2313 4214 2536 4282 Appiau.
2560 4216 2617 4268 in
2632 4213 2745 4269 ms·
