2950 4892
705 421 771 475 L.
819 414 1079 475 ANNE!
1128 420 1351 477 finoni
1401 423 1547 476 mn.
1596 422 1711 477 111.
1756 427 1922 480 oAP.

266 556 613 619 Octaviuuie
637 567 903 620 tribunatu
918 567 1215 630 abdicavit3
1247 566 1340 619 sed

263 638 551 696 Gracchus
587 644 640 696 ei
680 646 952 712 piebiscito
985 647 1341 712 magistratum

271 721 564 786 abrogavit.
629 721 771 774 Piut.
801 723 862 774 T.
896 722 1116 777 Graecia.
1146 731 1203 776 et
1234 723 1342 791 Ap·

269 798 418 863 pian.
440 812 481 849 1.
505 798 660 851 Civil.
681 814 735 865 p.
754 804 869 851 887.
884 801 1025 853 Veli.
1047 813 1110 853 ιι.
1126 803 1179 852 2.

336 876 387 940 §-
409 880 445 927 6
478 874 564 926 Sic
599 877 929 928 hinnu-dus
963 877 1172 942 σιταίιις]
1226 876 1343 928 Me-

265 951 428 1005 liorcs
449 960 506 1006 et
528 955 836 1007 vetustiores
856 957 997 1019 libri,
1023 958 1093 1008 eie
1117 958 1343 1009 triumvir

266 1035 491 1083 credun
522 1032 661 1098 'quod
695 1032 795 1083 nisi
830 1033 1000 1085 verius
1035 1040 1125 1086 aut
1159 1036 1341 1086 meiius

268 1107 753 1173 est,jucundiorem
775 1108 959 1163 saitem
980 1109 1134 1162 habet
1160 1124 1339 1163 sonum

263 1184 360 1236 ino
415 1187 646 1252 vulgato.
700 1187 853 1242 Salus.
938 1189 1202 1255 Diumvir]
1249 1191 1337 1242 Sic

263 1259 410 1312 Pali.
433 1261 538 1314 duo
560 1265 812 1317 meliores.
877 1267 1013 1318 Num
1050 1273 1173 1318 tert.
1203 1273 1262 1318 ut
1283 1274 1339 1318 et

267 1350 324 1390 v,
345 1352 394 1390 e.
410 1338 762 1391 ἰτίιιιιιοίτιιίιιςε
796 1342 932 1408 quod
950 1343 1185 1410 quamvis
1199 1342 1336 1394 haud

263 1413 581 1480 improbem,
609 1417 764 1468 alteri
795 1426 967 1469 tamen
1001 1435 1103 1471 non
1138 1435 1339 1486 praepo·

264 1491 482 1556 snerim,
512 1492 580 1544 ob
605 1495 969 1561 antiquitatem
1001 1505 1058 1548 et
1089 1497 1244 1549 iidem
1276 1498 1338 1548 li·

262 1568 484 1620 brorum
523 1571 724 1623 calamo
754 1582 1102 1640 exaratorum,
1129 1577 1338 1644 quibus,

264 1651 329 1696 ut
363 1645 475 1710 jam
513 1645 786 1712 aliquoties
824 1650 954 1715 dixi,
997 1651 1212 1704 inferior
1253 1662 1337 1706 est

262 1719 391 1774 Pal.
432 1729 560 1774 tert.
595 1724 744 1777 Grae.
811 1725 1216 1780 Distinctionem
1251 1731 1335 1781 bic

263 1800 373 1851 loci
426 1803 646 1867 mutavi,
706 1819 861 1857 sensu
927 1806 1002 1858 sic
1072 1810 1332 1876 exigente.

263 1877 494 1930 Fm'asli.
578 1881 928 1935 manvu-tn
967 1886 1126 1937 etiam
1169 1888 1336 1953 Ryck.

265 1956 439 2021 Regg.
479 1957 669 2011 Duisb.
701 1966 758 2010 et
789 1961 944 2011 Fran.
1009 1962 1114 2014 Alii
1151 1966 1336 2031 scripti

262 2038 324 2083 et
347 2031 485 2084 Edd.
506 2043 639 2086 vett.
672 2036 913 2089 muncia
957 2038 1336 2092 Freinshemius

263 2109 554 2161 sustulerat
606 2110 994 2165 distinctionem
1057 2117 1334 2169 maximam

257 2183 425 2249 post‘
446 2185 618 2250 agris?
681 2188 761 2239 Ea
791 2189 984 2241 deiude
1011 2191 1083 2242 ibi
1104 2194 1334 2258 reposita

260 2267 350 2312 est
373 2261 428 2312 in
451 2262 597 2314 Edit.
620 2263 817 2316 Graevii
849 2275 906 2318 et
928 2267 1099 2321 Amst.
1164 2272 1333 2324 Malui

257 2338 415 2406 nequi
450 2340 884 2394 Freinsheminm:
919 2359 1040 2396 nam
1062 2354 1120 2397 et
1140 2347 1191 2397 ln
1222 2349 1333 2415 qui·

255 2415 486 2468 busdam
509 2421 747 2486 vetustis,
768 2430 824 2474 et
842 2422 1031 2490 Stadii,
1059 2425 1333 2493 Camertis,

257 2493 549 2561 vinctique
568 2496 704 2549 Edd.
726 2500 871 2551 locus
888 2501 964 2553 its
983 2501 1333 2570 distingueba-

257 2576 372 2623 ur.

328 2649 612 2716 Imperium]
647 2653 727 2702 Ex
762 2653 862 2705 hoc
895 2654 1009 2707 loco
1042 2656 1201 2722 Flori,
1225 2665 1333 2711 ete

256 2726 405 2778 Veli.
444 2740 507 2779 ιι.
534 2733 587 2781 2.
639 2728 900 2783 Grucbius
937 2747 1053 2799 cap.
1089 2749 1132 2786 1.
1171 2742 1227 2786 et
1266 2750 1334 2787 ιι.

255 2801 500 2856 Refutat.
521 2806 588 2856 ad
611 2808 949 2871 posteriorem
978 2810 1177 2875 Sigonii
1209 2813 1335 2863 Dis-

257 2885 438 2945 putat.
460 2880 527 2931 de
552 2882 694 2949 Loge
711 2884 941 2949 Curiata,
957 2889 1186 2939 ostendit
1205 2890 1222 2919 4
1241 2890 1333 2940 im·

257 2957 495 3021 perinm'
518 2959 680 3010 etiam
713 2960 820 3012 dici
849 2962 918 3012 de
949 2964 1187 3015 Tribunis
1223 2967 1333 3030 ple·

255 3032 379 3097 bis3
412 3035 554 3100 quod
577 3042 860 3099 negaverat
875 3039 1115 3104 Sigonius
1135 3040 1187 3091 in
1204 3041 1334 3092 Pos-

259 3119 368 3165 ter.
389 3112 661 3178 Disputat.
682 3128 797 3164 cum
816 3114 1067 3180 Gruchio,
1087 3131 1151 3169 ac
1169 3118 1333 3184 scrip·

257 3194 427 3251 serat,
470 3187 538 3240 de
577 3189 823 3241 Tribunis
868 3193 938 3256 pl.
981 3202 1039 3243 et
1081 3193 1336 3246 AEdilibus

257 3278 546 3330 nunquam
570 3265 668 3316 nisi
690 3267 707 3296 4
728 3268 1071 3331 potestatem’
1092 3270 1236 3333 dici3
1266 3272 1333 3323 de

255 3340 578 3392 Consulibus
616 3350 795 3393 autem
822 3351 877 3395 et
913 3345 1240 3398 Pmtoribus
1278 3364 1333 3399 e·

257 3417 394 3469 tiam
421 3418 439 3446 4
457 3417 765 3484 imperium:
828 3420 1135 3487 Respondet
1168 3423 1220 3475 ei
1250 3425 1333 3476 Si·

258 3495 453 3561 gonius
487 3509 576 3550 m.
609 3496 678 3547 de
712 3495 839 3549 Ant.
858 3498 976 3551 Jur.
1002 3499 1250 3554 Provinc.
1283 3508 1333 3555 6.

253 3571 442 3638 Major
464 3577 549 3624 est
578 3573 642 3623 iis
673 3572 741 3623 de
765 3574 955 3636 verbis,
977 3590 1131 3642 quam
1152 3576 1220 3629 de
1241 3592 1329 3631 re:

259 3648 332 3700 de
367 3650 464 3700 bac
494 3650 634 3701 enim
664 3650 874 3717 utrique
911 3651 1050 3705 idem
1081 3655 1333 3708 sentiunt.

255 3725 365 3776 Sed
386 3726 629 3792 Sigonius
659 3727 783 3778 mibi
817 3729 1036 3793 primum
1073 3744 1177 3782 nou
1206 3733 1334 3786 satis

256 3809 420 3856 cauto
469 3804 679 3856 videtur
722 3821 943 3871 negasse
983 3809 1000 3837 4
1025 3808 1327 3875 imperinm'

259 3895 508 3949 umquam
532 3880 600 3933 de
621 3880 874 3935 Tribunis
896 3886 969 3950 pl.
990 3884 1116 3937 diei.

326 3961 464 4019 Quas
481 3964 618 4026 agris
636 3963 869 4029 metat]
903 3965 1209 4030 Expulerat,
1225 3967 1332 4031 ejc-

256 4044 430 4090 cerat.
497 4037 613 4090 Cic.
634 4050 763 4091 xm.
795 4041 942 4091 Fam.
972 4046 1023 4092 6.
1054 4042 1331 4094 ‘Minime-

254 4130 362 4185 que
382 4115 651 4179 convenit,
669 4130 735 4167 ex
753 4131 820 4168 eo
842 4132 989 4183 agro,
1006 4120 1094 4185 qui
1110 4120 1330 4172 Cesar-is

244 4194 406 4260 iussu
422 4192 713 4259 dividatur,
729 4209 850 4244 eum
879 4196 1111 4249 moveri.'
1175 4198 1247 4251 Et
1269 4212 1330 4250 ιι.

253 4269 453 4335 Agrar-
490 4273 576 4322 21.
606 4269 624 4298 4
643 4270 848 4321 Moveri
884 4273 1334 4337 possessionibus.⁹

251 4346 468 4401 Terent.
489 4345 706 4400 Phorm-
734 4347 869 4417 prul⁴
891 4352 975 4403 82.
1001 4350 1017 4379 4
1037 4350 1213 4404 Quum
1233 4365 1330 4418 per

1966 414 2075 481 15.
2345 410 2474 482 891

1415 569 1692 620 tumultum
1708 576 1887 622 noster
1902 586 2031 636 grex
2049 575 2218 623 motus
2232 572 2349 624 ioco
2364 576 2462 625 est.
2464 568 2484 597 '

1412 645 1547 697 Sic‘
1563 646 1794 712 Senatn,'
1825 648 2022 701 ‘Tribu
2045 653 2292 701 ιιιονοιιε.4

1480 726 1529 790 §.
1548 729 1581 776 7
1616 684 1849 777 Proebiiit
1850 727 2049 792 speciem
2073 740 2273 790 regam
2302 726 2396 777 sibi
2428 730 2478 778 εἰ

1412 802 1629 853 Mein«
1660 802 1915 869 poscentis]
1955 803 2185 855 Similem
2223 818 2291 854 ex
2324 809 2478 869 gestu

1413 894 1644 930 errorem
1665 878 1841 946 prodit
1859 878 2006 931 Suet.
2028 879 2163 931 Caes.
2176 883 2259 944 88,
2280 882 2334 943 2,
2356 886 2410 931 et
2428 884 2479 930 6.

1413 958 1503 1008 ubi
1515 958 1723 1009 Caesar‘
1735 958 2063 1009 existimatur
2078 965 2344 1025 equestres
2361 972 2480 1009 cen·

1412 1048 1502 1085 sus
1560 1034 1825 1101 pollicitus
1878 1034 2090 1101 siugulis
2141 1034 2477 1105 (militibus)=

1413 1111 1551 1177 quod
1590 1110 1787 1163 accidit
1830 1112 2071 1177 opinione
2111 1111 2255 1164 falsa.
2320 1110 2480 1177 Nam,

1412 1200 1533 1238 cnm
1570 1187 1624 1237 in
1662 1187 1989 1254 alloquendo,
2028 1186 2481 1255 exhortandoqne‚

1412 1263 1600 1328 sepius
1641 1263 1861 1328 digitum
1902 1265 2050 1317 laevae
2088 1280 2268 1317 manus
2305 1273 2479 1318 osten·

1411 1346 1548 1405 tans,
1579 1338 1935 1394 affirmaretse
1955 1344 2022 1394 ad
2053 1342 2476 1397 satisfaciendum

1410 1417 1665 1483 omnibus,
1695 1432 1790 1483 per
1822 1432 1951 1485 quos
1985 1418 2295 1485 dignitatem
2330 1435 2476 1472 suam

1411 1490 1716 1545 defensurus
1748 1501 1907 1559 esset,
1939 1496 2146 1548 anulum
2179 1512 2382 1565 qnoque
2406 1512 2476 1550 ω·

1411 1582 1514 1634 quc
1524 1568 1695 1620 animo
1707 1568 2065 1622 detracturum
2081 1571 2213 1634 sibi;
2241 1578 2478 1624 extrema

1409 1646 1615 1711 concio,
1648 1645 1732 1697 cui
1765 1644 1969 1700 facilius
2000 1654 2117 1699 erat
2145 1647 2328 1700 videre
2353 1663 2477 1700 con·

1408 1721 1722 1788 cionantem,
1764 1739 1921 1790 quam
1956 1724 2158 1791 audire,
2196 1740 2293 1791 pro
2331 1725 2478 1778 dicto

1411 1801 1641 1867 accepit,
1661 1802 1801 1869 quod
1834 1804 1947 1855 visu
1966 1803 2343 1871 suspicabatur,
2363 1818 2480 1871 pro-

1409 1878 1722 1944 missumque
1745 1880 1834 1946 jus
1869 1881 2142 1933 anulorum
2169 1896 2290 1934 cum
2324 1881 2478 1934 milli·

1408 1956 1505 2008 bus
1526 1957 1915 2024 quadringentis
1942 1958 2086 2012 fama
2112 1958 2354 2015 distulit?
2386 1961 2478 2013 Fr.

1410 2034 1546 2085 Hac
1584 2042 1699 2087 erat
1745 2036 2003 2089 calumnis
2043 2039 2287 2091 Senatus.
2349 2038 2476 2090 Vid.

1409 2111 1553 2163 Plnt.
1575 2118 1633 2164 et
1654 2112 1880 2179 Appian.
1946 2113 2117 2167 iidem
2134 2115 2346 2167 comitia
2364 2128 2478 2166 cre·

1408 2189 1556 2240 andis
1589 2190 1735 2241 novis
1767 2191 2008 2243 Tribunis
2040 2193 2113 2258 pl.
2140 2193 2195 2243 in
2217 2192 2480 2259 Capitolio

1405 2265 1603 2332 habits,
1623 2266 1791 2332 iisque
1824 2267 2119 2319 Gracchum
2156 2267 2477 2333 interfuisse,

1409 2341 1642 2393 tradunt.
1709 2341 1896 2410 Itaque
1928 2343 2113 2395 Florus
2145 2345 2323 2410 paullo
2350 2351 2478 2396 ante

1407 2417 1645 2470 fortassis
1681 2434 1784 2471 ncn
1815 2426 1961 2471 recte
1978 2419 2380 2489 scribit,‘quum
2419 2421 2476 2472 in

1408 2496 1724 2561 Capitolium
1741 2496 2100 2563 profugisset!

1471 2573 1611 2623 Daca
1663 2571 1908 2638 Scipione]
1961 2573 2117 2625 Diod.
2172 2591 2257 2642 ap.
2300 2577 2478 2628 Vales-

1408 2661 1461 2713 p.
1501 2652 1629 2699 882.
1654 2646 1693 2700 f.
1725 2653 1831 2707 Τιβ.
1860 2646 2077 2715 Γράκχον
2107 2654 2349 2716 τυραννῶν
2379 2654 2477 2704 δτι·

1407 2724 1697 2791 χωρήσαντα
1727 2728 1834 2777 ταῖς
1866 2724 2002 2791 ἰδίαις
2020 2726 2189 2793 χερσίν
2215 2727 2477 2801 ὀπάσω,

1405 2799 1754 2866 προηγούμενος
1773 2801 2166 2867 τῆςσιηκλήτον.
2199 2806 2421 2858 Freinsh-

1472 2879 1608 2932 Cn.
1641 2885 1700 2931 16
1749 2881 1883 2935 Qum
1915 2882 2001 2934 liic
2032 2883 2353 2948 scribuntur,
2385 2886 2475 2936 ha·

1405 2955 1598 3007 bentm
1635 2956 1792 3008 latius
1829 2972 1863 3008 a
1900 2958 2015 3010 Liv.
2052 2960 2143 3013 lib.
2177 2964 2263 3013 60.
2300 2968 2356 3013 et
2393 2967 2476 3015 61.

1405 3036 1644 3102 Appian.
1679 3036 1834 3089 civil.
1873 3036 1963 3088 lib.
2001 3042 2049 3091 1.
2081 3037 2225 3090 Plut.
2262 3038 2316 3090 in
2349 3038 2477 3091 Vita

1407 3111 1787 3178 Gracchorum,
1818 3113 1974 3166 Oros.
1995 3118 2047 3179 6,
2069 3118 2152 3165 12.
2183 3115 2303 3168 Val.
2325 3115 2404 3168 M.
2429 3120 2478 3183 1,

1406 3192 1457 3253 ⁷,
1479 3195 1530 3242 c.
1560 3194 1751 3255 4,⁷,2.
1784 3195 1837 3254 c,
1859 3194 1911 3255 s,
1933 3194 1984 3244 s.
2015 3194 2067 3255 s,
2090 3194 2171 3252 ιο,
2192 3195 2241 3242 ι.
2272 3196 2395 3257 9,4,
2421 3197 2476 3245 s.

1408 3265 1691 3331 Distingue
1725 3274 1785 3317 tn
1818 3265 2081 3332 historias,
2111 3266 2338 3332 prudens
2372 3268 2478 3321 lec·

1408 3350 1513 3406 tor,
1535 3343 1778 3409 qnoniam
1814 3342 2104 3395 studuimus
2137 3344 2404 3412 brevitati,
2422 3354 2482 3399 et

1409 3419 1678 3486 proecipua
1708 3421 1762 3470 in
1793 3418 2017 3472 citandis
2040 3420 2341 3472 auctoribus
2361 3436 2480 3474 nos·

1405 3504 1497 3547 tra
1524 3496 1995 3563 impresentiarum
2036 3504 2274 3549 versatur
2307 3498 2478 3549 inten-

1408 3572 1503 3625 tio.
1591 3573 1728 3624 item
1775 3571 1943 3639 Ageii.
2001 3577 2083 3639 11,
2121 3576 2201 3625 18.
2240 3574 2479 3627 meminit

1407 3651 1547 3702 Piin.
1567 3654 1651 3717 88,
1671 3656 1721 3703 2.
1759 3651 1960 3704 Auctor
1980 3652 2049 3703 de
2070 3652 2181 3703 Vir.
2201 3651 2287 3703 111.
2310 3667 2360 3704 c.
2390 3656 2474 3704 66.

1409 3725 1634 3793 August.
1656 3728 1771 3780 Cir.
1795 3732 1847 3792 8,
1867 3732 1950 3779 24.
1986 3727 2106 3793 lege
2139 3742 2257 3795 quie
2278 3727 2478 3779 notavi·

1407 3819 1521 3856 mus
1540 3818 1712 3870 supra,
1730 3806 1781 3867 8,
1798 3808 1878 3855 18.
1912 3804 2124 3854 Camers.

1472 3884 1519 3947 ς.
1542 3886 1570 3932 1
1613 3881 1826 3947 Vindex]
1859 3880 2015 3930 Ultor
2049 3880 2254 3946 mortis,
2290 3888 2347 3932 et
2380 3881 2474 3934 de·

1405 3955 1587 4009 feusor
1608 3959 1783 4022 legum
1808 3954 1987 4007 fratris
2006 3957 2101 4007 sui.
2162 3958 2249 4009 Sic
2271 3957 2290 3987 ‘
2308 3959 2477 4012 vindi.

1406 4034 1553 4091 care'
1575 4032 1770 4099 duplici
1790 4030 2170 4097 significatione
2192 4048 2230 4086 1.
2252 4038 2305 4088 9.
2326 4041 2374 4087 1.

1471 4113 1521 4176 ς.
1558 4114 1592 4161 2
1653 4110 1781 4161 Pari
1817 4109 2023 4159 mauu
2072 4115 2215 4176 «tque
2266 4115 2474 4182 tumre]

1406 4178 1741 4253 Comparatio
1777 4187 1863 4238 liic
1900 4185 2042 4238 inter
2073 4186 2342 4242 Gracchos
2374 4199 2479 4260 est,

1404 4279 1511 4316 nou
1564 4264 1703 4316 inter
1757 4264 2034 4317 tumultum
2088 4271 2146 4315 et
2201 4270 2477 4322 terrorem·

1404 4341 1543 4395 Vide
1563 4354 1738 4411 supra,
1761 4345 1811 4410 1,
1834 4344 1920 4408 18,
1944 4344 2024 4395 u.
2059 4340 2278 4396 Fui-ns.
2341 4345 2473 4398 Mox
