2950 4892
754 394 822 443 ι..
869 394 1125 445 Auum
1162 393 1401 444 ‘tuom
1452 393 1597 443 ma.
1645 395 1725 443 11.
1770 396 1930 445 cn.
1973 384 2040 446 2.

288 538 526 592 lectiam
563 547 681 590 esse
719 545 891 604 putat.
956 539 1055 589 Vir
1086 537 1271 589 doctus
1314 538 1368 588 in

292 616 427 669 obs.
447 615 607 667 Mise-
655 616 775 667 Vol.
800 630 888 667 m.
911 632 966 681 p.
991 620 1105 672 184,

358 694 409 759 §-
427 696 490 744 1⁴
508 693 586 744 As
605 692 702 758 sie]
735 693 993 744 Videntur
1014 707 1134 745 esse
1148 707 1182 744 a
1198 694 1368 760 glossa

292 772 377 823 ho
404 773 525 824 dut
542 787 722 824 voces.
758 773 850 823 Fr.

358 848 643 916 querfdt]
677 849 867 915 {Agelh
889 852 943 911 8,
967 851 1019 898 7.
1040 859 1109 898 ex
1130 848 1370 911 Catone,

291 928 311 954 ‘
334 927 472 978 Eum
487 927 630 977 inter
650 932 883 976 mortuos
894 922 1241 990 defatigatum
1259 924 1367 974 rul-

291 1003 511 1054 neribus
540 1010 703 1068 atque
735 1002 1040 1066 spirantem,
1070 1000 1210 1066 qnod
1250 1014 1368 1052 san—

294 1094 439 1145 guen
496 1077 814 1143 defluxerat,
865 1092 1195 1143 cognovere3
1248 1092 1369 1130 eum

290 1157 576 1221 sustulere,
610 1157 762 1221 isque
794 1155 1082 1218 convaluit,
1119 1167 1369 1222 saepeqne

296 1234 580 1300 postillam
599 1245 811 1298 operam
825 1232 980 1297 Reip.
1000 1230 1191 1282 fortem
1214 1237 1369 1297 atque

295 1322 569 1363 strenuam
589 1307 887 1376 perhibuit?
937 1308 1042 1359 Ubi
1065 1315 1259 1372 tamen,
1274 1322 1370 1374 pro

290 1395 407 1455 post
443 1389 600 1452 illan,
620 1385 1013 1438 rescribendum
1049 1391 1248 1450 putem,
1264 1389 1372 1449 post

294 1467 406 1530 illu,
425 1466 521 1515 hoc
538 1471 640 1528 est,
660 1468 877 1528 postea3
910 1462 1011 1512 nisi
1033 1463 1149 1527 quis
1169 1462 1246 1512 ita
1267 1476 1371 1513 ma-

296 1544 399 1605 litz
433 1556 645 1607 nvom
679 1544 784 1606 μοι*
810 1540 945 1590 ῦὶα
976 1539 1372 1604 operm-,snut

296 1620 370 1671 sit
414 1632 627 1670 sensns:
682 1616 993 1668 Exhibuisse
1036 1631 1179 1681 saepe
1223 1615 1371 1682 Reip.

299 1697 488 1748 utilem
510 1709 746 1761 operam,
766 1700 883 1760 post
904 1694 1066 1758 illam,
1093 1706 1283 1758 nempe
1303 1694 1371 1745 de

298 1791 407 1843 qua
427 1789 597 1826 sermo
630 1779 764 1824 erat.
798 1773 873 1823 Id.
938 1770 1194 1837 Sapo-suit
1230 1775 1279 1822 et
1299 1786 1375 1822 su-

292 1851 539 1919 peruixit]
594 1850 927 1902 Alterutrum
953 1848 1247 1899 redundare
1268 1863 1375 1900 me-

300 1932 410 1981 rito
432 1935 611 1980 censet
628 1928 700 1979 N.
723 1925 909 1978 Heius.
950 1932 1008 1977 et
1040 1924 1182 1976 forte
1213 1940 1372 1991 saper·

285 2007 409 2068 suit
439 2004 780 2058 eradendum.
846 2003 988 2075 Dein
1024 2002 1162 2053 idem
1198 2004 1296 2054 Vir
1315 2004 1375 2054 ll·

301 2085 485 2136 lustris
523 2097 628 2133 non
674 2082 831 2146 longe
869 2087 989 2145 post
1046 2080 1375 2131 scribendum

300 2168 496 2214 censet
528 2164 744 2225 serpente
777 2159 926 2209 latias
947 2158 1066 2209 bello
1099 2158 1376 2209 Sar-datin

298 2243 441 2306 eique
458 2254 697 2291 nm
736 2236 1173 2288 carrina-&waic
1189 2254 1206 2287 ε
1255 2237 1377 2304 qnia

300 2321 364 2371 τὸ
386 2323 439 2371 ia
460 2335 563 2370 non
585 2324 738 2371 extet
758 2317 811 2368 in
833 2316 1018 2369 codice
1038 2315 1266 2367 omnium
1284 2328 1376 2382 op·

300 2401 438 2450 timo
474 2398 606 2448 Nan.
644 2395 809 2445 (ἔναυ.
878 2393 1041 2459 Lipsii
1077 2393 1285 2444 auditor
1320 2394 1376 2444 in

301 2474 457 2527 Edit.
522 2473 754 2524 Plautiu.
791 2472 1182 2522 cancellaverat
1212 2485 1377 2536 saper-

300 2552 452 2604 uixit.
518 2548 581 2600 In
624 2548 800 2599 Gellio
831 2547 946 2612 jam
989 2556 1114 2598 ante
1160 2547 1236 2597 Η.
1260 2547 1376 2598 Ste-

300 2631 508 2697 phanus
528 2627 769 2677 ediderat
795 2629 905 2689 post
923 2624 1024 2676 ilia.
1090 2623 1211 2674 Hoc
1244 2623 1376 2675 adeo

301 2722 413 2758 non
455 2705 666 2769 impune
712 2699 976 2769 ignoravit
1036 2702 1263 2765 optimus
1311 2715 1374 2751 ac

300 2782 639 2835 doctissimus
657 2778 1062 2842 Freinshemius,
1081 2784 1142 2829 ut
1174 2778 1270 2828 Vir
1289 2792 1376 2829 ce·

298 2862 504 2914 lebcrr.
524 2860 646 2914 Jac.
686 2859 918 2910 Gronov.
960 2857 1061 2909 sibi
1083 2864 1375 2921 temperare

302 2956 415 2992 nou
440 2938 691 3006 potnerit,
712 2950 815 3002 qno
833 2936 1001 2986 minus
1018 2933 1085 2984 ad
1104 2932 1246 2984 Geli.
1268 2933 1304 2984 l.
1320 2932 1375 2983 d.

304 3031 492 3070 curam
529 3017 641 3081 ojus
678 3028 866 3066 vanam
907 3015 1138 3069 vocaret,
1174 3016 1230 3060 et
1272 3023 1376 3059 non

302 3100 421 3148 sine
448 3094 803 3162 indignatione
841 3092 1192 3151 exclamat-eu
1223 3087 1241 3115 ⁸
1260 3087 1377 3138 Hoc

304 3175 516 3227 scilicet
552 3170 865 3237 ignorabant
902 3168 976 3217 illi
1001 3179 1243 3232 proceres
1262 3166 1379 3216 lite-

306 3266 509 3314 rarum,
525 3250 614 3316 qui
650 3248 806 3299 Auno
828 3249 972 3297 1682.
1009 3259 1175 3294 aevum
1211 3244 1378 3309 agita·

307 3329 481 3383 hant.'
544 3326 650 3378 Sed
674 3338 879 3390 possem
903 3320 1160 3387 profecto,
1183 3321 1226 3370 si
1246 3333 1379 3384 opus

304 3414 472 3472 esset,
488 3420 589 3457 non
609 3417 803 3471 paucos
819 3411 1144 3461 enumerare,
1158 3398 1245 3464 qui
1263 3411 1381 3449 snas

308 3483 708 3538 emendationes
728 3480 814 3531 vel
837 3478 905 3530 ab
929 3477 1043 3528 aliis
1066 3483 1380 3541 praeceptas,

310 3564 399 3615 vel
422 3562 617 3613 dudum
648 3560 703 3610 in
740 3556 959 3608 vetustis
993 3552 1382 3619 exemplaribus

306 3644 479 3693 lectas
516 3636 675 3688 fnisse
714 3633 1066 3695 nesciverunt,
1108 3639 1166 3682 et
1207 3638 1382 3682 tamen

308 3718 501 3771 merito
551 3716 690 3765 inter
745 3710 1009 3776 principes
1057 3709 1381 3761 literatorum

310 3811 423 3848 snas
469 3791 648 3844 etati·
687 3789 853 3839 hahiti
895 3794 1037 3851 sunt,
1079 3794 1137 3838 et
1177 3801 1383 3853 semper

309 3873 656 3926 habebuntur.
726 3866 837 3917 Hoc
861 3867 946 3916 illo
976 3865 1210 3915 illustrior
1228 3869 1388 3915 nester

314 3956 446 4020 Reg.
486 3952 556 4005 Q.
621 3946 781 4028 Hoe—
770 3943 1007 3995 illustrior
1045 3944 1233 3993 videtur
1264 3945 1387 4007 qnod

311 4032 483 4098 Ryck·
524 4031 688 4083 Forte
709 4016 799 4088 fn·
818 4026 960 4078 unde
976 4025 1166 4077 deiude
1186 4016 1265 4092 F'r,
1290 4037 1387 4090 pro

308 4113 517 4175 vidam,
540 4108 668 4160 oriri
690 4106 884 4172 potnit.

368 4191 514 4243 Licet
547 4186 678 4239 nihil
706 4183 954 4250 scripserit
972 4180 1225 4246 menime]
1258 4181 1387 4232 Hal·

299 4268 567 4322 lucinatio
601 4263 768 4327 Plori,
788 4260 876 4328 qui
909 4257 1159 4311 Leonidae
1192 4258 1388 4323 impru-

297 4350 433 4402 dens
452 4339 715 4398 attribuit
751 4338 892 4406 qnod
931 4343 1047 4389 erat
1083 4335 1386 4403 Othryadis.

2371 378 2506 446 613

1444 538 1591 590 Nihil
1613 540 1751 590 enim
1785 539 2037 605 sauguine
2075 537 2286 604 scripsit
2324 538 2508 592 Leoni-
2542 533 2549 545 ’

1441 619 1557 683 den,
1578 618 1725 684 quus
1748 619 1931 669 saltem
1971 625 2139 669 restet
2167 618 2420 668 memoria
2452 617 2507 667 in

1440 704 1678 746 veterum
1714 695 1949 760 scriptis.
2025 695 2130 746 Sed
2170 695 2235 745 ab
2271 694 2508 746 omnibus

1440 771 1496 822 id
1519 772 1588 822 de
1622 770 1896 837 Othryade
1934 771 2216 836 proditum,
2235 768 2418 821 Poiitis
2448 778 2509 821 et

1440 846 1772 914 πζογρόφου.
1826 848 2151 914 Anthologioe
2174 847 2366 899 tertio:
2397 847 2509 913 ''Ap-

1441 941 1545 978 cem
1592 926 1634 977 δ’
1683 923 1934 991 Ὀθρυάδαν
1983 925 2112 989 φόνῳ
2161 923 2510 986 κεκαλυμμένα

1439 1002 1592 1053 ὅπλον
1629 1000 1886 1068 Raphana,
1919 1000 2060 1066 θυμία
2099 1002 2187 1051 Ζεῦ
2225 1003 2507 1062 Δακεδαιμ-

1441 1080 1569 1133 viar.
1637 1080 1824 1133 Idem
1809 1095 1861 1130 in
1885 1080 2000 1130 aliis
2022 1079 2405 1145 epigrammatis
2433 1080 2509 1128 le·

1444 1161 1631 1226 gimus.
1666 1156 2510 1221 marsianum-ipserum,

1443 1238 1704 1302 scriptura
1749 1243 1830 1286 est
1872 1234 2025 1287 Jord.
2082 1233 2249 1285 Codd.
2336 1233 2509 1297 Vulgo

1440 1317 1689 1381 scripserit
1721 1314 1773 1365 in
1805 1314 1960 1365 Floro
1998 1312 2211 1378 legitur,
2232 1317 2291 1362 ut
2324 1311 2510 1361 Florus

1444 1392 1676 1458 scripsit.
1722 1390 1876 1440 Satan
1937 1388 2074 1439 Licet
2106 1386 2231 1438 nihil
2264 1387 2511 1452 scripserit

1442 1469 1695 1535 sung-idne]
1728 1469 1942 1520 Camers
1985 1474 2042 1518 et
2067 1466 2278 1516 stadins
2321 1472 2512 1530 putant

1444 1547 1689 1600 Leonida
1724 1545 1905 1608 tribui,
1922 1544 2061 1611 qnod
2085 1540 2371 1607 Othryadis
2394 1555 2514 1606 pro-

1443 1626 1615 1691 prium
1667 1630 1799 1676 erat.
1855 1623 2005 1674 Grut.
2106 1620 2190 1671 De
2235 1618 2510 1684 Othryade

1445 1702 1756 1754 Pausaniam
1791 1700 1914 1751 vide
1951 1703 2063 1764 16⁷,
2086 1702 2167 1751 lo.
2222 1695 2398 1748 Aliter
2421 1711 2508 1761 ap.

1443 1780 1567 1832 Seu.
1609 1780 1818 1832 consol.
1861 1778 1926 1830 ad
1961 1776 2223 1846 Marciam
2269 1779 2320 1840 1,
2369 1779 2419 1838 l,
2457 1778 2509 1825 4.

1444 1859 1461 1888 ⁴
1485 1850 1876 1909 Cordus‘libros
1910 1869 2030 1907 suos
2069 1852 2319 1919 sanguine
2347 1852 2514 1916 scrip·

1447 1936 1549 1987 sit?
1612 1936 1707 1987 Me
1734 1933 1873 2002 quod
1894 1934 2108 1996 attinet,
2138 1944 2401 1997 nunqnam
2425 1929 2515 1979 ad-

1447 2013 1570 2065 duci
1593 2019 1899 2079 possnm,ut
1930 2009 2138 2062 credam
2170 2008 2238 2059 ah
2273 2006 2512 2057 Auctore

1449 2090 1629 2156 potius
1663 2104 1774 2141 esse
1804 2096 2026 2155 quatuor
2046 2086 2139 2136 illa
2160 2084 2340 2147 verba,
2361 2098 2516 2149 quam

1448 2167 1515 2218 ah
1552 2167 1746 2232 insulso
1780 2166 2085 2233 glossatore.
2152 2163 2353 2213 Demus
2374 2161 2513 2211 enim

1448 2247 1681 2311 potuisse
1716 2257 1894 2294 errare
1937 2244 1989 2292 in
2029 2241 2247 2292 historia
2287 2240 2518 2302 Florum,

1448 2322 1633 2373 demus
1651 2320 1807 2371 etiam
1830 2319 2070 2382 voluisse,
2091 2326 2151 2369 ut
2178 2332 2338 2383 supra
2362 2321 2410 2380 1,
2432 2319 2516 2379 lo,

1447 2403 1498 2449 8.
1532 2397 1622 2449 ubi
1655 2397 1914 2448 Aruntem
1944 2395 2292 2462 Tarquinium
2309 2392 2519 2453 videtur

1449 2476 1744 2527 adulterum
1768 2473 1962 2539 facere,
1995 2482 2053 2524 ut
2092 2473 2274 2524 melius
2296 2470 2519 2538 quadret

1449 2554 1625 2605 istud:
1662 2555 1679 2583 ‘
1701 2553 1843 2619 quasi
1882 2553 2176 2603 adulterum
2219 2549 2284 2600 ad
2320 2547 2517 2607 inferos

1449 2643 1614 2697 usque
1655 2640 1960 2696 sequeretur
1981 2628 2015 2691 ς’
2067 2635 2124 2679 at
2162 2626 2344 2692 largiri
2384 2638 2517 2674 nnn·

1449 2723 1606 2775 quam
1627 2715 1834 2774 potero,
1867 2707 2000 2757 adeo
2032 2703 2273 2754 insulsam
2309 2707 2520 2752 senten-

1450 2788 1576 2836 tiam
1618 2784 1778 2835 fuisse
1811 2784 2198 2848 subjecturum:
2249 2778 2520 2844 egregium

1449 2863 1588 2912 enim
1610 2875 1827 2912 acumen
1850 2859 1973 2910 illud
1998 2866 2054 2909 et
2067 2858 2276 2923 dignum
2301 2861 2520 2922 propter

1452 2939 1594 3006 quod
1618 2944 1850 2990 mutetur
1872 2938 1925 2988 in
1944 2936 2162 2988 historia
2183 2934 2395 3002 aliquid,
2409 2934 2520 2985 licet

1449 3017 1574 3067 nihil
1609 3016 1856 3081 scripserit
1903 3011 2173 3077 sunguine!
2227 3011 2376 3079 quasi
2418 3012 2520 3062 hoc

1451 3109 1642 3147 novum
1682 3099 1822 3144 esset
1868 3100 1960 3143 ant
1999 3092 2247 3156 insolens,
2289 3089 2523 3155 supervi-

1452 3186 1579 3222 vere
1601 3171 1928 3237 expeditioni
1965 3169 2241 3232 hominem,
2277 3167 2370 3232 qui
2405 3181 2521 3217 san-

1453 3251 1611 3316 guine
1632 3250 1759 3300 nihil
1781 3247 2067 3313 scripserit.
2104 3244 2326 3296 Freinsh.
2392 3245 2523 3296 Pro-

1456 3328 1550 3377 hat
1571 3329 1884 3377 sententiam
1908 3323 2160 3384 salmasii,
2177 3322 2452 3384 Camertis,
2469 3326 2526 3371 et

1452 3404 1624 3455 Stadii
1645 3403 1884 3454 Graevlus
1916 3403 1969 3452 in
2002 3399 2523 3464 Praefatione,atque

1454 3483 1666 3547 insuper
1699 3479 1869 3543 addit,
1911 3482 2206 3545 importune
2238 3477 2323 3527 hic
2359 3475 2523 3526 incul-

1455 3559 1565 3610 cari
1611 3558 1917 3619 Leonidam,
1970 3564 2026 3607 et
2078 3556 2238 3606 stulte
2276 3568 2395 3604 cum
2433 3553 2526 3602 illo

1456 3634 1687 3687 conferri
1711 3635 2049 3700 Calpurnium
2067 3635 2365 3684 Flammam.
2418 3629 2524 3680 Sed

1454 3714 1554 3765 hoc
1575 3726 1777 3779 quoque
1809 3711 1907 3763 sibi
1935 3709 2318 3761 defendendum
2352 3721 2526 3758 susce-

1460 3791 1542 3857 pit
1573 3805 1790 3856 magnus
1827 3789 1916 3839 ille
1950 3787 2092 3838 Flori
2127 3787 2384 3837 Patronus
2421 3785 2524 3834 Be-

1460 3881 1634 3933 geras,
1649 3875 1705 3917 et
1747 3867 1827 3917 ita
1861 3864 2088 3932 quidem,
2121 3868 2184 3914 ut
2223 3875 2330 3912 nou
2360 3860 2526 3912 solum

1462 3946 1672 3997 Florum
1706 3942 1772 3993 ab
1810 3940 1950 3993 omui
1986 3939 2142 4004 culpa
2179 3938 2397 4003 eximat,
2431 3935 2525 3988 sed

1461 4035 1578 4072 eam
1617 4032 1819 4072 omnem
1851 4018 1905 4067 in
1941 4014 2346 4080 reprehensores
2383 4013 2526 4064 illius

1462 4097 1721 4151 conferat.
1775 4097 1791 4126 ‘
1815 4092 2086 4158 Emoriar,'
2122 4093 2354 4160 inquit,‘
2379 4091 2422 4141 si
2454 4091 2530 4139 lo·

1462 4193 1579 4231 cum
1599 4174 1861 4227 intellexit
1881 4169 2160 4224 Graevius!
2198 4170 2370 4234 Adde,
2390 4167 2531 4235 quod

1463 4268 1785 4321 consequens
1828 4258 1932 4317 est,
1968 4257 2025 4301 et
2074 4255 2196 4300 ante
2240 4246 2527 4308 Gravium,

1462 4334 1693 4399 Camers,
1714 4329 1941 4394 Stadios,
1975 4327 2136 4380 Salm.
2168 4331 2224 4377 et
2255 4323 2529 4377 Freinshe-
