<?xml version="1.0" encoding="UTF-8"?>
<!DOCTYPE html PUBLIC "-//W3C//DTD XHTML 1.0 Transitional//EN"
    "http://www.w3.org/TR/xhtml1/DTD/xhtml1-transitional.dtd">
<html xmlns="http://www.w3.org/1999/xhtml" xml:lang="en" lang="en">
 <head>
  <title>
</title>
<meta http-equiv="Content-Type" content="text/html;charset=utf-8" />
  <meta name='ocr-system' content='tesseract 3.04.00' />
  <meta name='ocr-capabilities' content='ocr_page ocr_carea ocr_par ocr_line ocrx_word'/>
</head>
<body>
  <div class='ocr_page' id='page_1' title='image "./lannaeifloriepi01unkngoog_0434.png"; bbox 0 0 2950 4892; ppageno 0'>
   <div class='ocr_carea' id='block_1_1' title="bbox 482 402 613 471">
    <p class='ocr_par' dir='ltr' id='par_1_1' title="bbox 482 402 613 471">
     <span class='ocr_line' id='line_1_1' title="bbox 482 402 613 471; baseline 0.015 -2"><span class='ocrx_word' id='word_1_1' title='bbox 482 402 613 471; x_wconf 79' lang='lat'>852</span> 
     </span>
    </p>
   </div>
   <div class='ocr_carea' id='block_1_2' title="bbox 479 559 1544 1545">
    <p class='ocr_par' dir='ltr' id='par_1_2' title="bbox 481 559 1543 859">
     <span class='ocr_line' id='line_1_2' title="bbox 482 559 1543 628; baseline -0.004 -11"><span class='ocrx_word' id='word_1_2' title='bbox 482 579 646 617; x_wconf 72' lang='lat' dir='ltr'>nomen</span> <span class='ocrx_word' id='word_1_3' title='bbox 663 559 903 616; x_wconf 73' lang='lat' dir='ltr'>Creticam</span> <span class='ocrx_word' id='word_1_4' title='bbox 920 562 1194 628; x_wconf 71' lang='lat' dir='ltr'>reportavit.</span> <span class='ocrx_word' id='word_1_5' title='bbox 1216 561 1396 614; x_wconf 70' lang='grc' dir='ltr'>θην.</span> <span class='ocrx_word' id='word_1_6' title='bbox 1430 561 1543 613; x_wconf 88' lang='lat' dir='ltr'>Hos</span> 
     </span>
     <span class='ocr_line' id='line_1_3' title="bbox 481 640 1541 692; baseline -0.002 1"><span class='ocrx_word' id='word_1_7' title='bbox 481 643 664 692; x_wconf 84' lang='lat' dir='ltr'>Duces</span> <span class='ocrx_word' id='word_1_8' title='bbox 688 641 1013 692; x_wconf 72' lang='lat' dir='ltr'>Cretensium</span> <span class='ocrx_word' id='word_1_9' title='bbox 1033 640 1193 691; x_wconf 87' lang='lat' dir='ltr'>etiam</span> <span class='ocrx_word' id='word_1_10' title='bbox 1213 640 1348 691; x_wconf 88' lang='lat' dir='ltr'>Vell.</span> <span class='ocrx_word' id='word_1_11' title='bbox 1372 653 1436 692; x_wconf 85' lang='lat'>11.</span> <span class='ocrx_word' id='word_1_12' title='bbox 1458 642 1541 691; x_wconf 71' lang='lat'>34.</span> 
     </span>
     <span class='ocr_line' id='line_1_4' title="bbox 482 725 753 771; baseline 0.004 -2"><span class='ocrx_word' id='word_1_13' title='bbox 482 725 753 771; x_wconf 84' lang='lat' dir='ltr'>memorat.</span> 
     </span>
     <span class='ocr_line' id='line_1_5' title="bbox 557 794 1352 859; baseline -0.008 -11"><span class='ocrx_word' id='word_1_14' title='bbox 557 796 720 848; x_wconf 81' lang='lat' dir='ltr'>Victor</span> <span class='ocrx_word' id='word_1_15' title='bbox 738 794 912 859; x_wconf 80' lang='lat' dir='ltr'>rediit]</span> <span class='ocrx_word' id='word_1_16' title='bbox 945 795 1110 845; x_wconf 77' lang='lat' dir='ltr'>Redit.</span> <span class='ocrx_word' id='word_1_17' title='bbox 1144 794 1303 844; x_wconf 87' lang='lat' dir='ltr'>Salm.</span> <span class='ocrx_word' id='word_1_18' title='bbox 1347 850 1352 855; x_wconf 43' lang='grc'>,</span> 
     </span>
    </p>

    <p class='ocr_par' dir='ltr' id='par_1_3' title="bbox 479 864 1544 1545">
     <span class='ocr_line' id='line_1_6' title="bbox 495 864 1543 936; baseline -0.003 -15"><span class='ocrx_word' id='word_1_19' title='bbox 495 864 502 873; x_wconf 75' lang='grc'><strong><em>’</em></strong></span> <span class='ocrx_word' id='word_1_20' title='bbox 547 872 692 921; x_wconf 73' lang='lat' dir='ltr'>Nihil</span> <span class='ocrx_word' id='word_1_21' title='bbox 726 872 944 936; x_wconf 76' lang='lat' dir='ltr'>amplias,</span> <span class='ocrx_word' id='word_1_22' title='bbox 964 885 1102 934; x_wconf 70' lang='lat' dir='ltr'>quom</span> <span class='ocrx_word' id='word_1_23' title='bbox 1135 884 1386 932; x_wconf 71' lang='lat' dir='ltr'>cognomen</span> <span class='ocrx_word' id='word_1_24' title='bbox 1425 869 1543 919; x_wconf 79' lang='lat' dir='ltr'>Cre-</span> 
     </span>
     <span class='ocr_line' id='line_1_7' title="bbox 481 945 1542 1012; baseline -0.004 -14"><span class='ocrx_word' id='word_1_25' title='bbox 481 947 651 1012; x_wconf 73' lang='lat' dir='ltr'>ticum]</span> <span class='ocrx_word' id='word_1_26' title='bbox 680 948 877 998; x_wconf 75' lang='lat' dir='ltr'>Tamen</span> <span class='ocrx_word' id='word_1_27' title='bbox 907 947 1064 996; x_wconf 86' lang='lat' dir='ltr'>etiam</span> <span class='ocrx_word' id='word_1_28' title='bbox 1088 945 1156 995; x_wconf 85' lang='lat' dir='ltr'>de</span> <span class='ocrx_word' id='word_1_29' title='bbox 1179 947 1340 996; x_wconf 84' lang='lat' dir='ltr'>Creta</span> <span class='ocrx_word' id='word_1_30' title='bbox 1361 945 1542 995; x_wconf 87' lang='lat' dir='ltr'>trium-</span> 
     </span>
     <span class='ocr_line' id='line_1_8' title="bbox 480 1022 1540 1088; baseline -0.003 -14"><span class='ocrx_word' id='word_1_31' title='bbox 480 1023 664 1088; x_wconf 86' lang='lat' dir='ltr'>phavit</span> <span class='ocrx_word' id='word_1_32' title='bbox 700 1024 835 1073; x_wconf 80' lang='lat' dir='ltr'>vell.</span> <span class='ocrx_word' id='word_1_33' title='bbox 883 1036 944 1073; x_wconf 90' lang='grc' dir='ltr'>ιι.</span> <span class='ocrx_word' id='word_1_34' title='bbox 980 1024 1062 1073; x_wconf 74' lang='grc'>40.</span> <span class='ocrx_word' id='word_1_35' title='bbox 1100 1022 1238 1071; x_wconf 84' lang='lat' dir='ltr'>Flor.</span> <span class='ocrx_word' id='word_1_36' title='bbox 1283 1036 1354 1072; x_wconf 74' lang='grc' dir='ltr'>ιν.</span> <span class='ocrx_word' id='word_1_37' title='bbox 1398 1025 1447 1071; x_wconf 77' lang='lat'>2.</span> <span class='ocrx_word' id='word_1_38' title='bbox 1490 1024 1540 1071; x_wconf 78' lang='lat'>9.</span> 
     </span>
     <span class='ocr_line' id='line_1_9' title="bbox 482 1094 1543 1165; baseline -0.004 -14"><span class='ocrx_word' id='word_1_39' title='bbox 482 1094 500 1129; x_wconf 47' lang='grc' dir='ltr'><strong><em>ἑ</em></strong></span> <span class='ocrx_word' id='word_1_40' title='bbox 526 1102 827 1165; x_wconf 78' lang='lat' dir='ltr'>Cognomen</span> <span class='ocrx_word' id='word_1_41' title='bbox 860 1095 1150 1150; x_wconf 86' lang='lat' dir='ltr'>Creticnm&#39;</span> <span class='ocrx_word' id='word_1_42' title='bbox 1183 1104 1242 1148; x_wconf 86' lang='lat' dir='ltr'>ut</span> <span class='ocrx_word' id='word_1_43' title='bbox 1270 1097 1384 1149; x_wconf 76' lang='lat' dir='ltr'>Liv.</span> <span class='ocrx_word' id='word_1_44' title='bbox 1405 1110 1543 1148; x_wconf 82' lang='lat' dir='ltr'>xxx.</span> 
     </span>
     <span class='ocr_line' id='line_1_10' title="bbox 480 1175 1543 1240; baseline 0 -14"><span class='ocrx_word' id='word_1_45' title='bbox 480 1177 577 1228; x_wconf 88' lang='lat' dir='ltr'>ult.</span> <span class='ocrx_word' id='word_1_46' title='bbox 610 1179 626 1205; x_wconf 91' lang='lat'>‘</span> <span class='ocrx_word' id='word_1_47' title='bbox 648 1175 946 1227; x_wconf 78' lang='lat' dir='ltr'>Africanum</span> <span class='ocrx_word' id='word_1_48' title='bbox 983 1189 1267 1240; x_wconf 81' lang='lat' dir='ltr'>cognomen</span> <span class='ocrx_word' id='word_1_49' title='bbox 1303 1175 1543 1226; x_wconf 81' lang='lat' dir='ltr'>militaris</span> 
     </span>
     <span class='ocr_line' id='line_1_11' title="bbox 479 1250 1543 1318; baseline 0 -16"><span class='ocrx_word' id='word_1_50' title='bbox 479 1252 626 1317; x_wconf 86' lang='lat' dir='ltr'>prius</span> <span class='ocrx_word' id='word_1_51' title='bbox 648 1250 813 1315; x_wconf 81' lang='lat' dir='ltr'>favor,</span> <span class='ocrx_word' id='word_1_52' title='bbox 853 1267 917 1302; x_wconf 90' lang='lat' dir='ltr'>an</span> <span class='ocrx_word' id='word_1_53' title='bbox 953 1253 1217 1318; x_wconf 86' lang='lat' dir='ltr'>popularis</span> <span class='ocrx_word' id='word_1_54' title='bbox 1248 1266 1370 1302; x_wconf 83' lang='lat' dir='ltr'>aura</span> <span class='ocrx_word' id='word_1_55' title='bbox 1407 1252 1543 1302; x_wconf 89' lang='lat' dir='ltr'>cele·</span> 
     </span>
     <span class='ocr_line' id='line_1_12' title="bbox 480 1326 1543 1394; baseline -0.001 -16"><span class='ocrx_word' id='word_1_56' title='bbox 480 1327 732 1393; x_wconf 83' lang='lat' dir='ltr'>braverit,</span> <span class='ocrx_word' id='word_1_57' title='bbox 765 1343 943 1394; x_wconf 86' lang='lat' dir='ltr'>pamm</span> <span class='ocrx_word' id='word_1_58' title='bbox 978 1334 1302 1393; x_wconf 87' lang='lat' dir='ltr'>compertum</span> <span class='ocrx_word' id='word_1_59' title='bbox 1332 1326 1543 1377; x_wconf 84' lang='lat' dir='ltr'>habeo.&#39;</span> 
     </span>
     <span class='ocr_line' id='line_1_13' title="bbox 479 1404 1543 1476; baseline -0.002 -21"><span class='ocrx_word' id='word_1_60' title='bbox 479 1406 599 1455; x_wconf 85' lang='lat' dir='ltr'>Val.</span> <span class='ocrx_word' id='word_1_61' title='bbox 625 1407 701 1457; x_wconf 90' lang='lat' dir='ltr'>M.</span> <span class='ocrx_word' id='word_1_62' title='bbox 728 1420 786 1457; x_wconf 94' lang='grc' dir='ltr'>ιι.</span> <span class='ocrx_word' id='word_1_63' title='bbox 812 1409 890 1457; x_wconf 84' lang='grc'>10.</span> <span class='ocrx_word' id='word_1_64' title='bbox 910 1410 959 1455; x_wconf 80' lang='grc'>4.</span> <span class='ocrx_word' id='word_1_65' title='bbox 983 1405 1009 1476; x_wconf 69' lang='lat'>,⁴</span> <span class='ocrx_word' id='word_1_66' title='bbox 1045 1405 1121 1455; x_wconf 82' lang='lat' dir='ltr'>Ut</span> <span class='ocrx_word' id='word_1_67' title='bbox 1155 1404 1389 1468; x_wconf 84' lang='lat' dir='ltr'>superins</span> <span class='ocrx_word' id='word_1_68' title='bbox 1421 1417 1543 1467; x_wconf 78' lang='lat' dir='ltr'>cog·</span> 
     </span>
     <span class='ocr_line' id='line_1_14' title="bbox 482 1477 1544 1545; baseline -0.003 -15"><span class='ocrx_word' id='word_1_69' title='bbox 482 1495 667 1532; x_wconf 89' lang='lat' dir='ltr'>nomen</span> <span class='ocrx_word' id='word_1_70' title='bbox 693 1480 997 1531; x_wconf 84' lang='lat' dir='ltr'>Africanum</span> <span class='ocrx_word' id='word_1_71' title='bbox 1031 1487 1193 1545; x_wconf 88' lang='lat' dir='ltr'>capta</span> <span class='ocrx_word' id='word_1_72' title='bbox 1213 1477 1544 1545; x_wconf 84' lang='lat' dir='ltr'>(Carthago),</span> 
     </span>
    </p>
   </div>
   <div class='ocr_carea' id='block_1_3' title="bbox 359 1554 1543 1621">
    <p class='ocr_par' dir='ltr' id='par_1_4' title="bbox 359 1554 1543 1621">
     <span class='ocr_line' id='line_1_15' title="bbox 359 1554 1543 1621; baseline -0.001 -15"><span class='ocrx_word' id='word_1_73' title='bbox 359 1572 372 1581; x_wconf 73' lang='grc'>’</span> <span class='ocrx_word' id='word_1_74' title='bbox 477 1557 738 1621; x_wconf 86' lang='lat' dir='ltr'>posterius</span> <span class='ocrx_word' id='word_1_75' title='bbox 751 1572 962 1620; x_wconf 73' lang='lat' dir='ltr'>eversa,</span> <span class='ocrx_word' id='word_1_76' title='bbox 993 1555 1250 1607; x_wconf 70' lang='lat' dir='ltr'>Corneliae</span> <span class='ocrx_word' id='word_1_77' title='bbox 1286 1554 1431 1619; x_wconf 73' lang='lat' dir='ltr'>genti</span> <span class='ocrx_word' id='word_1_78' title='bbox 1453 1554 1543 1605; x_wconf 87' lang='lat' dir='ltr'>de·</span> 
     </span>
    </p>
   </div>
   <div class='ocr_carea' id='block_1_4' title="bbox 478 1630 1546 2383">
    <p class='ocr_par' dir='ltr' id='par_1_5' title="bbox 478 1630 1546 2383">
     <span class='ocr_line' id='line_1_16' title="bbox 479 1630 1543 1694; baseline -0.001 -12"><span class='ocrx_word' id='word_1_79' title='bbox 479 1632 592 1683; x_wconf 87' lang='lat' dir='ltr'>dit.’</span> <span class='ocrx_word' id='word_1_80' title='bbox 640 1634 784 1683; x_wconf 86' lang='lat' dir='ltr'>Suet.</span> <span class='ocrx_word' id='word_1_81' title='bbox 821 1632 978 1684; x_wconf 82' lang='lat' dir='ltr'>Galb.</span> <span class='ocrx_word' id='word_1_82' title='bbox 1016 1647 1092 1683; x_wconf 76' lang='lat' dir='ltr'>xv.</span> <span class='ocrx_word' id='word_1_83' title='bbox 1123 1632 1141 1661; x_wconf 80' lang='lat'><em>⁴</em></span> <span class='ocrx_word' id='word_1_84' title='bbox 1169 1630 1376 1681; x_wconf 84' lang='lat' dir='ltr'>Mutato</span> <span class='ocrx_word' id='word_1_85' title='bbox 1409 1645 1543 1694; x_wconf 67' lang='lat' dir='ltr'>pre-</span> 
     </span>
     <span class='ocr_line' id='line_1_17' title="bbox 480 1707 1543 1771; baseline -0.002 -14"><span class='ocrx_word' id='word_1_86' title='bbox 480 1708 715 1759; x_wconf 81' lang='lat' dir='ltr'>nomine:</span> <span class='ocrx_word' id='word_1_87' title='bbox 769 1723 889 1759; x_wconf 86' lang='lat' dir='ltr'>nsm</span> <span class='ocrx_word' id='word_1_88' title='bbox 928 1717 984 1760; x_wconf 91' lang='lat' dir='ltr'>et</span> <span class='ocrx_word' id='word_1_89' title='bbox 1023 1707 1238 1759; x_wconf 84' lang='lat' dir='ltr'>Lucium</span> <span class='ocrx_word' id='word_1_90' title='bbox 1281 1721 1401 1756; x_wconf 84' lang='lat' dir='ltr'>mox</span> <span class='ocrx_word' id='word_1_91' title='bbox 1445 1721 1543 1771; x_wconf 89' lang='lat' dir='ltr'>pro</span> 
     </span>
     <span class='ocr_line' id='line_1_18' title="bbox 478 1781 1543 1846; baseline -0.002 -12"><span class='ocrx_word' id='word_1_92' title='bbox 478 1784 661 1834; x_wconf 77' lang='lat' dir='ltr'>Servio</span> <span class='ocrx_word' id='word_1_93' title='bbox 710 1781 1017 1846; x_wconf 65' lang='lat' dir='ltr'>usurpavit!</span> <span class='ocrx_word' id='word_1_94' title='bbox 1074 1781 1212 1833; x_wconf 82' lang='lat' dir='ltr'>Add.</span> <span class='ocrx_word' id='word_1_95' title='bbox 1255 1783 1420 1833; x_wconf 87' lang='lat' dir='ltr'>Gron.</span> <span class='ocrx_word' id='word_1_96' title='bbox 1475 1782 1543 1832; x_wconf 83' lang='lat' dir='ltr'>ad</span> 
     </span>
     <span class='ocr_line' id='line_1_19' title="bbox 481 1857 1546 1923; baseline 0.002 -15"><span class='ocrx_word' id='word_1_97' title='bbox 481 1860 592 1909; x_wconf 82' lang='lat' dir='ltr'>Liv.</span> <span class='ocrx_word' id='word_1_98' title='bbox 616 1874 656 1908; x_wconf 86' lang='lat'>1.</span> <span class='ocrx_word' id='word_1_99' title='bbox 675 1864 725 1909; x_wconf 71' lang='lat'>8.</span> <span class='ocrx_word' id='word_1_100' title='bbox 757 1860 775 1888; x_wconf 88' lang='lat'>‘</span> <span class='ocrx_word' id='word_1_101' title='bbox 795 1859 1085 1908; x_wconf 83' lang='lat' dir='ltr'>Famosnm’</span> <span class='ocrx_word' id='word_1_102' title='bbox 1107 1857 1294 1923; x_wconf 76' lang='lat' dir='ltr'>Angel.</span> <span class='ocrx_word' id='word_1_103' title='bbox 1322 1862 1546 1910; x_wconf 61' lang='lat' dir='ltr'>Decem⁴</span> 
     </span>
     <span class='ocr_line' id='line_1_20' title="bbox 482 1934 1545 1986; baseline 0.001 -1"><span class='ocrx_word' id='word_1_104' title='bbox 482 1934 627 1985; x_wconf 82' lang='lat' dir='ltr'>brius</span> <span class='ocrx_word' id='word_1_105' title='bbox 650 1935 809 1985; x_wconf 89' lang='lat' dir='ltr'>Polit.</span> <span class='ocrx_word' id='word_1_106' title='bbox 832 1935 1050 1985; x_wconf 81' lang='lat' dir='ltr'>Literar.</span> <span class='ocrx_word' id='word_1_107' title='bbox 1083 1934 1198 1986; x_wconf 86' lang='lat' dir='ltr'>Lib.</span> <span class='ocrx_word' id='word_1_108' title='bbox 1232 1948 1321 1986; x_wconf 90' lang='grc' dir='ltr'><strong>ιιι.</strong></span> <span class='ocrx_word' id='word_1_109' title='bbox 1356 1936 1545 1986; x_wconf 86' lang='lat' dir='ltr'>scribit</span> 
     </span>
     <span class='ocr_line' id='line_1_21' title="bbox 481 2010 1544 2074; baseline 0.001 -13"><span class='ocrx_word' id='word_1_110' title='bbox 481 2017 679 2065; x_wconf 83' lang='lat' dir='ltr'>tantum</span> <span class='ocrx_word' id='word_1_111' title='bbox 721 2018 876 2074; x_wconf 81' lang='lat' dir='ltr'>turpe</span> <span class='ocrx_word' id='word_1_112' title='bbox 921 2018 978 2062; x_wconf 89' lang='lat' dir='ltr'>et</span> <span class='ocrx_word' id='word_1_113' title='bbox 1026 2010 1219 2061; x_wconf 79' lang='lat' dir='ltr'>infame</span> <span class='ocrx_word' id='word_1_114' title='bbox 1270 2011 1544 2062; x_wconf 75' lang='lat' dir='ltr'>denotare.</span> 
     </span>
     <span class='ocr_line' id='line_1_22' title="bbox 481 2086 1543 2151; baseline 0.001 -14"><span class='ocrx_word' id='word_1_115' title='bbox 481 2086 603 2137; x_wconf 81' lang='lat' dir='ltr'>Non</span> <span class='ocrx_word' id='word_1_116' title='bbox 643 2086 887 2136; x_wconf 73' lang='lat' dir='ltr'>distinxit</span> <span class='ocrx_word' id='word_1_117' title='bbox 923 2092 1187 2151; x_wconf 81' lang='lat' dir='ltr'>tempora:</span> <span class='ocrx_word' id='word_1_118' title='bbox 1226 2087 1543 2138; x_wconf 78' lang='lat' dir='ltr'>recentiores</span> 
     </span>
     <span class='ocr_line' id='line_1_23' title="bbox 479 2161 1544 2229; baseline 0.001 -15"><span class='ocrx_word' id='word_1_119' title='bbox 479 2162 775 2229; x_wconf 81' lang='lat' dir='ltr'>Scriptores</span> <span class='ocrx_word' id='word_1_120' title='bbox 802 2163 818 2192; x_wconf 88' lang='lat'>‘</span> <span class='ocrx_word' id='word_1_121' title='bbox 842 2161 1123 2213; x_wconf 77' lang='lat' dir='ltr'>famosum·</span> <span class='ocrx_word' id='word_1_122' title='bbox 1153 2178 1248 2229; x_wconf 86' lang='lat' dir='ltr'>pro</span> <span class='ocrx_word' id='word_1_123' title='bbox 1270 2163 1465 2214; x_wconf 83' lang='lat' dir='ltr'>celebri</span> <span class='ocrx_word' id='word_1_124' title='bbox 1490 2164 1544 2215; x_wconf 87' lang='lat' dir='ltr'>in</span> 
     </span>
     <span class='ocr_line' id='line_1_24' title="bbox 479 2240 1544 2304; baseline 0 -13"><span class='ocrx_word' id='word_1_125' title='bbox 479 2247 753 2304; x_wconf 81' lang='lat' dir='ltr'>utramque</span> <span class='ocrx_word' id='word_1_126' title='bbox 809 2245 1010 2304; x_wconf 88' lang='lat' dir='ltr'>partem</span> <span class='ocrx_word' id='word_1_127' title='bbox 1064 2240 1279 2303; x_wconf 84' lang='lat' dir='ltr'>dicunt;</span> <span class='ocrx_word' id='word_1_128' title='bbox 1334 2248 1544 2291; x_wconf 85' lang='lat' dir='ltr'>veteres</span> 
     </span>
     <span class='ocr_line' id='line_1_25' title="bbox 482 2316 1545 2383; baseline 0.001 -16"><span class='ocrx_word' id='word_1_129' title='bbox 482 2317 568 2367; x_wconf 70' lang='lat' dir='ltr'>‘vix</span> <span class='ocrx_word' id='word_1_130' title='bbox 590 2316 761 2378; x_wconf 85' lang='lat' dir='ltr'>aliter,</span> <span class='ocrx_word' id='word_1_131' title='bbox 776 2332 926 2383; x_wconf 86' lang='lat' dir='ltr'>qnam</span> <span class='ocrx_word' id='word_1_132' title='bbox 945 2317 1001 2366; x_wconf 88' lang='lat' dir='ltr'>in</span> <span class='ocrx_word' id='word_1_133' title='bbox 1024 2318 1228 2379; x_wconf 81' lang='lat' dir='ltr'>malam,</span> <span class='ocrx_word' id='word_1_134' title='bbox 1248 2325 1307 2368; x_wconf 91' lang='lat' dir='ltr'>ut</span> <span class='ocrx_word' id='word_1_135' title='bbox 1327 2318 1342 2346; x_wconf 90' lang='lat'>‘</span> <span class='ocrx_word' id='word_1_136' title='bbox 1362 2319 1545 2368; x_wconf 83' lang='lat' dir='ltr'>Famo-</span> 
     </span>
    </p>
   </div>
   <div class='ocr_carea' id='block_1_5' title="bbox 387 2394 1542 2461">
    <p class='ocr_par' dir='ltr' id='par_1_6' title="bbox 387 2394 1542 2461">
     <span class='ocr_line' id='line_1_26' title="bbox 387 2394 1542 2461; baseline 0.003 -16"><span class='ocrx_word' id='word_1_137' title='bbox 387 2434 391 2438; x_wconf 20' lang='grc' dir='ltr'><strong>Α</strong></span> <span class='ocrx_word' id='word_1_138' title='bbox 476 2400 535 2445; x_wconf 77' lang='lat' dir='ltr'>sa</span> <span class='ocrx_word' id='word_1_139' title='bbox 590 2394 823 2461; x_wconf 82' lang='lat' dir='ltr'>scripta‚’</span> <span class='ocrx_word' id='word_1_140' title='bbox 874 2395 891 2423; x_wconf 88' lang='lat'>‘</span> <span class='ocrx_word' id='word_1_141' title='bbox 925 2395 1131 2446; x_wconf 84' lang='lat' dir='ltr'>Famosi</span> <span class='ocrx_word' id='word_1_142' title='bbox 1170 2395 1371 2446; x_wconf 87' lang='lat' dir='ltr'>libelli.&#39;</span> <span class='ocrx_word' id='word_1_143' title='bbox 1418 2396 1542 2448; x_wconf 75' lang='lat' dir='ltr'>vid.</span> 
     </span>
    </p>
   </div>
   <div class='ocr_carea' id='block_1_6' title="bbox 471 2472 1544 4063">
    <p class='ocr_par' dir='ltr' id='par_1_7' title="bbox 479 2472 1544 2767">
     <span class='ocr_line' id='line_1_27' title="bbox 481 2472 1543 2524; baseline 0.003 -3"><span class='ocrx_word' id='word_1_144' title='bbox 481 2472 722 2523; x_wconf 84' lang='lat' dir='ltr'>Bernart.</span> <span class='ocrx_word' id='word_1_145' title='bbox 739 2472 804 2523; x_wconf 87' lang='lat' dir='ltr'>ad</span> <span class='ocrx_word' id='word_1_146' title='bbox 827 2473 963 2523; x_wconf 85' lang='lat' dir='ltr'>Stat.</span> <span class='ocrx_word' id='word_1_147' title='bbox 989 2486 1026 2524; x_wconf 91' lang='grc' dir='ltr'>ι.</span> <span class='ocrx_word' id='word_1_148' title='bbox 1050 2474 1174 2523; x_wconf 76' lang='lat' dir='ltr'>Silv.</span> <span class='ocrx_word' id='word_1_149' title='bbox 1196 2477 1244 2522; x_wconf 91' lang='lat' dir='ltr'>l.</span> <span class='ocrx_word' id='word_1_150' title='bbox 1261 2477 1343 2524; x_wconf 94' lang='grc'>67.</span> <span class='ocrx_word' id='word_1_151' title='bbox 1360 2473 1543 2524; x_wconf 81' lang='lat' dir='ltr'>Barth.</span> 
     </span>
     <span class='ocr_line' id='line_1_28' title="bbox 480 2544 1543 2619; baseline 0.002 -22"><span class='ocrx_word' id='word_1_152' title='bbox 480 2547 546 2597; x_wconf 88' lang='lat' dir='ltr'>ad</span> <span class='ocrx_word' id='word_1_153' title='bbox 588 2548 772 2600; x_wconf 84' lang='lat' dir='ltr'>Claud.</span> <span class='ocrx_word' id='word_1_154' title='bbox 811 2563 886 2599; x_wconf 79' lang='lat' dir='ltr'>tv.</span> <span class='ocrx_word' id='word_1_155' title='bbox 921 2549 987 2598; x_wconf 89' lang='lat' dir='ltr'>de</span> <span class='ocrx_word' id='word_1_156' title='bbox 1027 2549 1190 2599; x_wconf 86' lang='lat' dir='ltr'>Laud.</span> <span class='ocrx_word' id='word_1_157' title='bbox 1223 2544 1390 2619; x_wconf 79' lang='lat' dir='ltr'>stilic.</span> <span class='ocrx_word' id='word_1_158' title='bbox 1428 2552 1543 2599; x_wconf 73' lang='lat'>285.</span> 
     </span>
     <span class='ocr_line' id='line_1_29' title="bbox 480 2622 1544 2691; baseline 0.001 -18"><span class='ocrx_word' id='word_1_159' title='bbox 480 2622 694 2676; x_wconf 80' lang='lat' dir='ltr'>Withof.</span> <span class='ocrx_word' id='word_1_160' title='bbox 734 2626 960 2691; x_wconf 79' lang='lat' dir='ltr'>specim.</span> <span class='ocrx_word' id='word_1_161' title='bbox 994 2624 1252 2677; x_wconf 80' lang='lat' dir='ltr'>Gunther.</span> <span class='ocrx_word' id='word_1_162' title='bbox 1290 2640 1344 2690; x_wconf 91' lang='lat' dir='ltr'>p.</span> <span class='ocrx_word' id='word_1_163' title='bbox 1366 2627 1450 2674; x_wconf 72' lang='lat'>42.</span> <span class='ocrx_word' id='word_1_164' title='bbox 1487 2630 1544 2675; x_wconf 86' lang='lat' dir='ltr'>et</span> 
     </span>
     <span class='ocr_line' id='line_1_30' title="bbox 479 2696 1296 2767; baseline 0.007 -18"><span class='ocrx_word' id='word_1_165' title='bbox 479 2700 646 2752; x_wconf 82' lang='lat' dir='ltr'>Reitz.</span> <span class='ocrx_word' id='word_1_166' title='bbox 671 2702 737 2752; x_wconf 84' lang='lat' dir='ltr'>de</span> <span class='ocrx_word' id='word_1_167' title='bbox 764 2702 971 2767; x_wconf 80' lang='lat' dir='ltr'>Ambig.</span> <span class='ocrx_word' id='word_1_168' title='bbox 1285 2696 1296 2705; x_wconf 55' lang='lat'><strong>⁹</strong></span> 
     </span>
    </p>

    <p class='ocr_par' dir='ltr' id='par_1_8' title="bbox 475 2777 1543 3603">
     <span class='ocr_line' id='line_1_31' title="bbox 479 2777 1540 2843; baseline 0.003 -17"><span class='ocrx_word' id='word_1_169' title='bbox 479 2795 483 2799; x_wconf 94' lang='lat'>·</span> <span class='ocrx_word' id='word_1_170' title='bbox 544 2777 679 2835; x_wconf 65' lang='lat' dir='ltr'>Cae,</span> <span class='ocrx_word' id='word_1_171' title='bbox 699 2781 731 2827; x_wconf 85' lang='lat'>8</span> <span class='ocrx_word' id='word_1_172' title='bbox 766 2781 850 2829; x_wconf 87' lang='lat' dir='ltr'>De</span> <span class='ocrx_word' id='word_1_173' title='bbox 873 2778 972 2829; x_wconf 82' lang='lat' dir='ltr'>hoc</span> <span class='ocrx_word' id='word_1_174' title='bbox 1001 2779 1139 2829; x_wconf 83' lang='lat' dir='ltr'>bello</span> <span class='ocrx_word' id='word_1_175' title='bbox 1165 2778 1309 2843; x_wconf 86' lang='lat' dir='ltr'>Epit.</span> <span class='ocrx_word' id='word_1_176' title='bbox 1329 2779 1440 2831; x_wconf 65' lang='grc' dir='ltr'>Ην.</span> <span class='ocrx_word' id='word_1_177' title='bbox 1457 2783 1540 2829; x_wconf 81' lang='grc'>60.</span> 
     </span>
     <span class='ocr_line' id='line_1_32' title="bbox 477 2832 1542 2925; baseline 0.001 -22"><span class='ocrx_word' id='word_1_178' title='bbox 477 2854 568 2919; x_wconf 81' lang='lat' dir='ltr'>De</span> <span class='ocrx_word' id='word_1_179' title='bbox 585 2832 850 2906; x_wconf 57' lang='lat' dir='ltr'>his⁵insulis</span> <span class='ocrx_word' id='word_1_180' title='bbox 872 2858 991 2923; x_wconf 75' lang='lat' dir='ltr'>lege</span> <span class='ocrx_word' id='word_1_181' title='bbox 1008 2871 1127 2922; x_wconf 64' lang='lat' dir='ltr'>quae</span> <span class='ocrx_word' id='word_1_182' title='bbox 1149 2855 1384 2925; x_wconf 82' lang='lat' dir='ltr'>scribunt</span> <span class='ocrx_word' id='word_1_183' title='bbox 1404 2855 1542 2905; x_wconf 75' lang='lat' dir='ltr'>Plin-</span> 
     </span>
     <span class='ocr_line' id='line_1_33' title="bbox 479 2930 1543 2996; baseline 0.002 -17"><span class='ocrx_word' id='word_1_184' title='bbox 479 2930 596 2994; x_wconf 72' lang='grc'><strong>’3,5.</strong></span> <span class='ocrx_word' id='word_1_185' title='bbox 621 2939 674 2981; x_wconf 90' lang='lat' dir='ltr'>et</span> <span class='ocrx_word' id='word_1_186' title='bbox 699 2932 907 2993; x_wconf 88' lang='lat' dir='ltr'>Strabo,</span> <span class='ocrx_word' id='word_1_187' title='bbox 929 2931 1020 2982; x_wconf 88' lang='lat' dir='ltr'>lib.</span> <span class='ocrx_word' id='word_1_188' title='bbox 1056 2936 1102 2982; x_wconf 74' lang='lat'>3.</span> <span class='ocrx_word' id='word_1_189' title='bbox 1126 2947 1180 2996; x_wconf 91' lang='lat' dir='ltr'>p.</span> <span class='ocrx_word' id='word_1_190' title='bbox 1203 2935 1318 2981; x_wconf 80' lang='grc'><strong>115.</strong></span> <span class='ocrx_word' id='word_1_191' title='bbox 1340 2945 1373 2981; x_wconf 89' lang='lat' dir='ltr'>a</span> <span class='ocrx_word' id='word_1_192' title='bbox 1394 2931 1543 2981; x_wconf 79' lang='lat' dir='ltr'>Grae-</span> 
     </span>
     <span class='ocr_line' id='line_1_34' title="bbox 481 3005 1542 3070; baseline 0.001 -16"><span class='ocrx_word' id='word_1_193' title='bbox 481 3007 558 3054; x_wconf 81' lang='lat' dir='ltr'>cis</span> <span class='ocrx_word' id='word_1_194' title='bbox 583 3007 720 3056; x_wconf 87' lang='lat' dir='ltr'>enim</span> <span class='ocrx_word' id='word_1_195' title='bbox 741 3010 758 3036; x_wconf 78' lang='lat'><em>⁴</em></span> <span class='ocrx_word' id='word_1_196' title='bbox 780 3007 1026 3058; x_wconf 77' lang='lat' dir='ltr'>Baleares</span> <span class='ocrx_word' id='word_1_197' title='bbox 1041 3011 1053 3033; x_wconf 78' lang='lat'><strong><em>⁹</em></strong></span> <span class='ocrx_word' id='word_1_198' title='bbox 1091 3006 1354 3070; x_wconf 85' lang='lat' dir='ltr'>dicuntur,</span> <span class='ocrx_word' id='word_1_199' title='bbox 1375 3020 1407 3055; x_wconf 89' lang='lat' dir='ltr'>a</span> <span class='ocrx_word' id='word_1_200' title='bbox 1425 3005 1542 3055; x_wconf 59' lang='lat' dir='ltr'>funss</span> 
     </span>
     <span class='ocr_line' id='line_1_35' title="bbox 480 3080 1542 3149; baseline 0.005 -21"><span class='ocrx_word' id='word_1_201' title='bbox 480 3080 661 3130; x_wconf 87' lang='lat' dir='ltr'>darum</span> <span class='ocrx_word' id='word_1_202' title='bbox 710 3084 881 3146; x_wconf 89' lang='lat' dir='ltr'>jactu,</span> <span class='ocrx_word' id='word_1_203' title='bbox 935 3083 1117 3149; x_wconf 84' lang='lat' dir='ltr'>quibus</span> <span class='ocrx_word' id='word_1_204' title='bbox 1172 3081 1404 3133; x_wconf 78' lang='lat' dir='ltr'>homines</span> <span class='ocrx_word' id='word_1_205' title='bbox 1456 3080 1542 3133; x_wconf 79' lang='lat' dir='ltr'>isti</span> 
     </span>
     <span class='ocr_line' id='line_1_36' title="bbox 475 3156 1543 3229; baseline 0.006 -27"><span class='ocrx_word' id='word_1_206' title='bbox 475 3156 699 3229; x_wconf 80' lang='lat' dir='ltr'>maxime</span> <span class='ocrx_word' id='word_1_207' title='bbox 737 3157 1035 3209; x_wconf 85' lang='lat' dir='ltr'>utebantur.</span> <span class='ocrx_word' id='word_1_208' title='bbox 1102 3157 1303 3209; x_wconf 84' lang='lat' dir='ltr'>Auctor</span> <span class='ocrx_word' id='word_1_209' title='bbox 1338 3159 1543 3225; x_wconf 76' lang='lat' dir='ltr'>Diony-</span> 
     </span>
     <span class='ocr_line' id='line_1_37' title="bbox 476 3230 1541 3296; baseline 0.007 -18"><span class='ocrx_word' id='word_1_210' title='bbox 476 3231 580 3280; x_wconf 86' lang='lat' dir='ltr'>sins</span> <span class='ocrx_word' id='word_1_211' title='bbox 622 3230 797 3296; x_wconf 60' lang='lat' dir='ltr'>poeta,</span> <span class='ocrx_word' id='word_1_212' title='bbox 852 3248 925 3283; x_wconf 81' lang='lat' dir='ltr'>vs.</span> <span class='ocrx_word' id='word_1_213' title='bbox 977 3239 1091 3285; x_wconf 76' lang='grc'><strong>457.</strong></span> <span class='ocrx_word' id='word_1_214' title='bbox 1160 3233 1280 3284; x_wconf 80' lang='lat' dir='ltr'>Alio</span> <span class='ocrx_word' id='word_1_215' title='bbox 1333 3231 1541 3286; x_wconf 78' lang='lat' dir='ltr'>nomine</span> 
     </span>
     <span class='ocr_line' id='line_1_38' title="bbox 478 3306 1543 3376; baseline 0.007 -20"><span class='ocrx_word' id='word_1_216' title='bbox 478 3307 495 3334; x_wconf 82' lang='lat'>‘</span> <span class='ocrx_word' id='word_1_217' title='bbox 522 3306 848 3372; x_wconf 72' lang='lat' dir='ltr'>Gymnesiae&#39;</span> <span class='ocrx_word' id='word_1_218' title='bbox 881 3309 1143 3374; x_wconf 85' lang='lat' dir='ltr'>dicuntur,</span> <span class='ocrx_word' id='word_1_219' title='bbox 1182 3311 1421 3376; x_wconf 87' lang='lat' dir='ltr'>quoniam</span> <span class='ocrx_word' id='word_1_220' title='bbox 1460 3327 1543 3363; x_wconf 87' lang='lat' dir='ltr'>ea-</span> 
     </span>
     <span class='ocr_line' id='line_1_39' title="bbox 479 3384 1541 3447; baseline 0.008 -17"><span class='ocrx_word' id='word_1_221' title='bbox 479 3395 592 3431; x_wconf 86' lang='lat' dir='ltr'>rum</span> <span class='ocrx_word' id='word_1_222' title='bbox 629 3384 814 3435; x_wconf 79' lang='lat' dir='ltr'>incolae</span> <span class='ocrx_word' id='word_1_223' title='bbox 848 3385 974 3436; x_wconf 87' lang='lat' dir='ltr'>nudi</span> <span class='ocrx_word' id='word_1_224' title='bbox 1008 3393 1157 3436; x_wconf 83' lang='lat' dir='ltr'>sunt:</span> <span class='ocrx_word' id='word_1_225' title='bbox 1189 3387 1364 3447; x_wconf 70' lang='grc' dir='ltr'><strong><em>γυμνὸς</em></strong></span> <span class='ocrx_word' id='word_1_226' title='bbox 1400 3390 1541 3439; x_wconf 83' lang='lat' dir='ltr'>enim</span> 
     </span>
     <span class='ocr_line' id='line_1_40' title="bbox 476 3459 1542 3527; baseline 0.008 -19"><span class='ocrx_word' id='word_1_227' title='bbox 476 3460 496 3488; x_wconf 86' lang='lat'>‘</span> <span class='ocrx_word' id='word_1_228' title='bbox 522 3459 715 3510; x_wconf 85' lang='lat' dir='ltr'>nudus’</span> <span class='ocrx_word' id='word_1_229' title='bbox 757 3461 1066 3527; x_wconf 85' lang='lat' dir='ltr'>appellatur.</span> <span class='ocrx_word' id='word_1_230' title='bbox 1154 3462 1314 3513; x_wconf 84' lang='lat' dir='ltr'>Plura</span> <span class='ocrx_word' id='word_1_231' title='bbox 1357 3465 1542 3516; x_wconf 81' lang='lat' dir='ltr'>scribit</span> 
     </span>
     <span class='ocr_line' id='line_1_41' title="bbox 475 3536 1183 3603; baseline 0.004 -18"><span class='ocrx_word' id='word_1_232' title='bbox 475 3536 636 3587; x_wconf 84' lang='lat' dir='ltr'>Diod.</span> <span class='ocrx_word' id='word_1_233' title='bbox 660 3544 709 3599; x_wconf 82' lang='lat' dir='ltr'>ti,</span> <span class='ocrx_word' id='word_1_234' title='bbox 733 3542 816 3603; x_wconf 88' lang='grc'>17,</span> <span class='ocrx_word' id='word_1_235' title='bbox 835 3542 934 3589; x_wconf 70' lang='lat' dir='ltr'>«icc.</span> <span class='ocrx_word' id='word_1_236' title='bbox 971 3538 1183 3588; x_wconf 76' lang='lat' dir='ltr'>Camers.</span> 
     </span>
    </p>

    <p class='ocr_par' dir='ltr' id='par_1_9' title="bbox 471 3613 1543 4063">
     <span class='ocr_line' id='line_1_42' title="bbox 540 3613 1543 3681; baseline 0.004 -19"><span class='ocrx_word' id='word_1_237' title='bbox 540 3616 586 3678; x_wconf 64' lang='grc' dir='ltr'>ξ.</span> <span class='ocrx_word' id='word_1_238' title='bbox 626 3619 648 3664; x_wconf 92' lang='grc'><strong>1</strong></span> <span class='ocrx_word' id='word_1_239' title='bbox 689 3615 857 3664; x_wconf 78' lang='lat' dir='ltr'>Altero</span> <span class='ocrx_word' id='word_1_240' title='bbox 890 3630 953 3665; x_wconf 80' lang='lat' dir='ltr'>ex</span> <span class='ocrx_word' id='word_1_241' title='bbox 982 3613 1146 3664; x_wconf 71' lang='lat' dir='ltr'>uberis</span> <span class='ocrx_word' id='word_1_242' title='bbox 1174 3614 1297 3679; x_wconf 66' lang='lat' dir='ltr'>qius]</span> <span class='ocrx_word' id='word_1_243' title='bbox 1345 3616 1543 3681; x_wconf 77' lang='lat' dir='ltr'>Magna</span> 
     </span>
     <span class='ocr_line' id='line_1_43' title="bbox 475 3689 1542 3756; baseline 0.005 -19"><span class='ocrx_word' id='word_1_244' title='bbox 475 3695 561 3738; x_wconf 87' lang='lat' dir='ltr'>est</span> <span class='ocrx_word' id='word_1_245' title='bbox 606 3689 744 3754; x_wconf 84' lang='lat' dir='ltr'>apud</span> <span class='ocrx_word' id='word_1_246' title='bbox 788 3690 1000 3740; x_wconf 84' lang='lat' dir='ltr'>Florum</span> <span class='ocrx_word' id='word_1_247' title='bbox 1040 3689 1359 3755; x_wconf 72' lang='grc' dir='ltr'>ἆνιστορησία,</span> <span class='ocrx_word' id='word_1_248' title='bbox 1400 3692 1542 3756; x_wconf 85' lang='lat' dir='ltr'>qnod</span> 
     </span>
     <span class='ocr_line' id='line_1_44' title="bbox 475 3764 1543 3830; baseline 0.007 -17"><span class='ocrx_word' id='word_1_249' title='bbox 475 3765 797 3818; x_wconf 74' lang='lat' dir='ltr'>Balearicum</span> <span class='ocrx_word' id='word_1_250' title='bbox 820 3764 979 3817; x_wconf 81' lang='lat' dir='ltr'>faciat</span> <span class='ocrx_word' id='word_1_251' title='bbox 1006 3766 1205 3817; x_wconf 85' lang='lat' dir='ltr'>Cretici</span> <span class='ocrx_word' id='word_1_252' title='bbox 1225 3765 1459 3830; x_wconf 85' lang='lat' dir='ltr'>fratrem,</span> <span class='ocrx_word' id='word_1_253' title='bbox 1484 3776 1543 3820; x_wconf 88' lang='lat' dir='ltr'>et</span> 
     </span>
     <span class='ocr_line' id='line_1_45' title="bbox 471 3840 1537 3909; baseline 0.009 -21"><span class='ocrx_word' id='word_1_254' title='bbox 471 3848 753 3909; x_wconf 80' lang='lat' dir='ltr'>utrumqne</span> <span class='ocrx_word' id='word_1_255' title='bbox 779 3844 984 3894; x_wconf 78' lang='lat' dir='ltr'>Metelli</span> <span class='ocrx_word' id='word_1_256' title='bbox 1005 3844 1330 3895; x_wconf 79' lang='lat' dir='ltr'>Macedonici</span> <span class='ocrx_word' id='word_1_257' title='bbox 1350 3840 1537 3898; x_wconf 64' lang='lat' dir='ltr'>filium}</span> 
     </span>
     <span class='ocr_line' id='line_1_46' title="bbox 471 3919 1537 3973; baseline 0.009 -10"><span class='ocrx_word' id='word_1_258' title='bbox 471 3928 594 3965; x_wconf 87' lang='lat' dir='ltr'>nam</span> <span class='ocrx_word' id='word_1_259' title='bbox 636 3919 938 3971; x_wconf 77' lang='lat' dir='ltr'>Balearicus</span> <span class='ocrx_word' id='word_1_260' title='bbox 980 3920 1193 3971; x_wconf 69' lang='lat' dir='ltr'>fratrem</span> <span class='ocrx_word' id='word_1_261' title='bbox 1238 3920 1423 3971; x_wconf 84' lang='lat' dir='ltr'>habuit</span> <span class='ocrx_word' id='word_1_262' title='bbox 1477 3923 1537 3973; x_wconf 89' lang='lat'>1..</span> 
     </span>
     <span class='ocr_line' id='line_1_47' title="bbox 476 3990 1539 4063; baseline 0.011 -26"><span class='ocrx_word' id='word_1_263' title='bbox 476 3990 750 4043; x_wconf 88' lang='lat' dir='ltr'>Metellum</span> <span class='ocrx_word' id='word_1_264' title='bbox 787 3996 1162 4063; x_wconf 76' lang='lat' dir='ltr'>Dalmaticum,</span> <span class='ocrx_word' id='word_1_265' title='bbox 1197 4012 1229 4046; x_wconf 81' lang='lat' dir='ltr'>a</span> <span class='ocrx_word' id='word_1_266' title='bbox 1266 3998 1539 4049; x_wconf 80' lang='lat' dir='ltr'>Dalmatia</span> 
     </span>
    </p>
   </div>
   <div class='ocr_carea' id='block_1_7' title="bbox 476 4064 1537 4207">
    <p class='ocr_par' dir='ltr' id='par_1_10' title="bbox 476 4064 1537 4207">
     <span class='ocr_line' id='line_1_48' title="bbox 476 4064 1537 4132; baseline 0.012 -20"><span class='ocrx_word' id='word_1_267' title='bbox 476 4064 681 4115; x_wconf 84' lang='lat' dir='ltr'>devicta</span> <span class='ocrx_word' id='word_1_268' title='bbox 703 4073 1154 4132; x_wconf 81' lang='lat' dir='ltr'>cognominatum:</span> <span class='ocrx_word' id='word_1_269' title='bbox 1205 4074 1280 4123; x_wconf 81' lang='lat' dir='ltr'>lta</span> <span class='ocrx_word' id='word_1_270' title='bbox 1303 4080 1362 4124; x_wconf 84' lang='lat' dir='ltr'>nt</span> <span class='ocrx_word' id='word_1_271' title='bbox 1383 4073 1537 4125; x_wconf 78' lang='lat' dir='ltr'>funus</span> 
     </span>
     <span class='ocr_line' id='line_1_49' title="bbox 477 4140 1537 4207; baseline 0.014 -21"><span class='ocrx_word' id='word_1_272' title='bbox 477 4140 808 4192; x_wconf 80' lang='lat' dir='ltr'>Macedonici</span> <span class='ocrx_word' id='word_1_273' title='bbox 841 4148 1002 4207; x_wconf 85' lang='lat' dir='ltr'>patris</span> <span class='ocrx_word' id='word_1_274' title='bbox 1022 4162 1053 4196; x_wconf 79' lang='lat' dir='ltr'>a</span> <span class='ocrx_word' id='word_1_275' title='bbox 1074 4149 1271 4199; x_wconf 86' lang='lat' dir='ltr'>duobus</span> <span class='ocrx_word' id='word_1_276' title='bbox 1292 4148 1411 4200; x_wconf 81' lang='lat' dir='ltr'>filiis</span> <span class='ocrx_word' id='word_1_277' title='bbox 1447 4152 1537 4200; x_wconf 85' lang='lat' dir='ltr'>tri·</span> 
     </span>
    </p>
   </div>
   <div class='ocr_carea' id='block_1_8' title="bbox 468 4217 1537 4281">
    <p class='ocr_par' dir='ltr' id='par_1_11' title="bbox 468 4217 1537 4281">
     <span class='ocr_line' id='line_1_50' title="bbox 468 4217 1537 4281; baseline 0.015 -17"><span class='ocrx_word' id='word_1_278' title='bbox 468 4217 796 4281; x_wconf 77' lang='lat' dir='ltr'>nmphalibus</span> <span class='ocrx_word' id='word_1_279' title='bbox 813 4222 1005 4272; x_wconf 83' lang='lat' dir='ltr'>elatum</span> <span class='ocrx_word' id='word_1_280' title='bbox 1029 4223 1216 4276; x_wconf 76' lang='lat' dir='ltr'>fuerit:</span> <span class='ocrx_word' id='word_1_281' title='bbox 1252 4226 1345 4278; x_wconf 86' lang='lat' dir='ltr'>sed</span> <span class='ocrx_word' id='word_1_282' title='bbox 1367 4228 1537 4280; x_wconf 82' lang='lat' dir='ltr'>Creti-</span> 
     </span>
    </p>
   </div>
   <div class='ocr_carea' id='block_1_9' title="bbox 1183 412 1983 493">
    <p class='ocr_par' dir='ltr' id='par_1_12' title="bbox 1183 412 1983 493">
     <span class='ocr_line' id='line_1_51' title="bbox 1183 412 1983 493; baseline -0.006 -27"><span class='ocrx_word' id='word_1_283' title='bbox 1183 415 1397 467; x_wconf 77' lang='lat' dir='ltr'>NO&#39;rAE</span> <span class='ocrx_word' id='word_1_284' title='bbox 1444 413 1851 493; x_wconf 63' lang='lat' dir='ltr'>vammum</span> <span class='ocrx_word' id='word_1_285' title='bbox 1904 412 1983 462; x_wconf 74' lang='lat' dir='ltr'>m</span> 
     </span>
    </p>
   </div>
   <div class='ocr_carea' id='block_1_10' title="bbox 1612 550 2691 4298">
    <p class='ocr_par' dir='ltr' id='par_1_13' title="bbox 1612 550 2691 4298">
     <span class='ocr_line' id='line_1_52' title="bbox 1619 550 2667 625; baseline -0.002 -14"><span class='ocrx_word' id='word_1_286' title='bbox 1619 575 1754 624; x_wconf 88' lang='lat' dir='ltr'>cum,</span> <span class='ocrx_word' id='word_1_287' title='bbox 1778 550 1926 625; x_wconf 78' lang='lat' dir='ltr'>cnjus</span> <span class='ocrx_word' id='word_1_288' title='bbox 1949 550 2218 625; x_wconf 84' lang='lat' dir='ltr'>superiore</span> <span class='ocrx_word' id='word_1_289' title='bbox 2236 552 2378 610; x_wconf 84' lang='lat' dir='ltr'>bello</span> <span class='ocrx_word' id='word_1_290' title='bbox 2400 551 2667 624; x_wconf 65' lang='lat' dir='ltr'>cogno-en</span> 
     </span>
     <span class='ocr_line' id='line_1_53' title="bbox 1617 635 2672 701; baseline -0.002 -14"><span class='ocrx_word' id='word_1_291' title='bbox 1617 651 1650 687; x_wconf 89' lang='lat' dir='ltr'>a</span> <span class='ocrx_word' id='word_1_292' title='bbox 1681 638 1842 688; x_wconf 89' lang='lat' dir='ltr'>Creta</span> <span class='ocrx_word' id='word_1_293' title='bbox 1875 635 2086 687; x_wconf 77' lang='lat' dir='ltr'>devicta</span> <span class='ocrx_word' id='word_1_294' title='bbox 2106 643 2368 701; x_wconf 78' lang='lat' dir='ltr'>sumptam</span> <span class='ocrx_word' id='word_1_295' title='bbox 2405 643 2510 696; x_wconf 86' lang='lat' dir='ltr'>est,</span> <span class='ocrx_word' id='word_1_296' title='bbox 2532 635 2672 686; x_wconf 77' lang='lat' dir='ltr'>fnisse</span> 
     </span>
     <span class='ocr_line' id='line_1_54' title="bbox 1616 711 2674 785; baseline -0.004 -20"><span class='ocrx_word' id='word_1_297' title='bbox 1616 716 1676 766; x_wconf 78' lang='lat'>1..</span> <span class='ocrx_word' id='word_1_298' title='bbox 1701 714 1903 785; x_wconf 70' lang='lat' dir='ltr'>Metelli</span> <span class='ocrx_word' id='word_1_299' title='bbox 1924 712 2210 764; x_wconf 72' lang='lat' dir='ltr'>Delmatici</span> <span class='ocrx_word' id='word_1_300' title='bbox 2232 711 2420 774; x_wconf 82' lang='lat' dir='ltr'>filium,</span> <span class='ocrx_word' id='word_1_301' title='bbox 2440 712 2674 762; x_wconf 76' lang='lat' dir='ltr'>Macedo-</span> 
     </span>
     <span class='ocr_line' id='line_1_55' title="bbox 1618 787 2671 855; baseline -0.004 -14"><span class='ocrx_word' id='word_1_302' title='bbox 1618 791 1722 842; x_wconf 84' lang='lat' dir='ltr'>nici</span> <span class='ocrx_word' id='word_1_303' title='bbox 1744 797 2009 855; x_wconf 80' lang='lat' dir='ltr'>nepotem,</span> <span class='ocrx_word' id='word_1_304' title='bbox 2042 804 2108 840; x_wconf 83' lang='lat' dir='ltr'>ex</span> <span class='ocrx_word' id='word_1_305' title='bbox 2140 788 2268 839; x_wconf 83' lang='lat' dir='ltr'>Tab.</span> <span class='ocrx_word' id='word_1_306' title='bbox 2291 787 2524 852; x_wconf 78' lang='lat' dir='ltr'>Capitol.</span> <span class='ocrx_word' id='word_1_307' title='bbox 2556 789 2671 838; x_wconf 81' lang='lat' dir='ltr'>veri-</span> 
     </span>
     <span class='ocr_line' id='line_1_56' title="bbox 1617 864 2677 928; baseline -0.004 -10"><span class='ocrx_word' id='word_1_308' title='bbox 1617 868 1786 919; x_wconf 89' lang='lat' dir='ltr'>simile</span> <span class='ocrx_word' id='word_1_309' title='bbox 1804 874 1917 918; x_wconf 82' lang='lat' dir='ltr'>est:</span> <span class='ocrx_word' id='word_1_310' title='bbox 1951 868 2029 917; x_wconf 79' lang='lat' dir='ltr'>ita</span> <span class='ocrx_word' id='word_1_311' title='bbox 2047 872 2107 916; x_wconf 87' lang='lat' dir='ltr'>ut</span> <span class='ocrx_word' id='word_1_312' title='bbox 2124 866 2212 915; x_wconf 76' lang='lat' dir='ltr'>liic</span> <span class='ocrx_word' id='word_1_313' title='bbox 2231 864 2519 928; x_wconf 77' lang='lat' dir='ltr'>sexaginta</span> <span class='ocrx_word' id='word_1_314' title='bbox 2536 877 2677 914; x_wconf 71' lang='lat' dir='ltr'>mno-</span> 
     </span>
     <span class='ocr_line' id='line_1_57' title="bbox 1617 942 2675 1007; baseline -0.005 -11"><span class='ocrx_word' id='word_1_315' title='bbox 1617 959 1732 996; x_wconf 86' lang='lat' dir='ltr'>rum</span> <span class='ocrx_word' id='word_1_316' title='bbox 1753 945 2033 996; x_wconf 83' lang='lat' dir='ltr'>intervallo</span> <span class='ocrx_word' id='word_1_317' title='bbox 2062 943 2113 993; x_wconf 85' lang='lat' dir='ltr'>in</span> <span class='ocrx_word' id='word_1_318' title='bbox 2137 950 2376 1007; x_wconf 86' lang='lat' dir='ltr'>tempore</span> <span class='ocrx_word' id='word_1_319' title='bbox 2399 942 2675 1006; x_wconf 74' lang='lat' dir='ltr'>digerendo</span> 
     </span>
     <span class='ocr_line' id='line_1_58' title="bbox 1618 1008 2672 1071; baseline -0.002 -1"><span class='ocrx_word' id='word_1_320' title='bbox 1618 1035 1685 1070; x_wconf 83' lang='lat' dir='ltr'>ex</span> <span class='ocrx_word' id='word_1_321' title='bbox 1729 1008 2011 1071; x_wconf 69' lang='lat' dir='ltr'>nominumv</span> <span class='ocrx_word' id='word_1_322' title='bbox 2033 1017 2337 1069; x_wconf 81' lang='lat' dir='ltr'>confusione</span> <span class='ocrx_word' id='word_1_323' title='bbox 2392 1012 2672 1068; x_wconf 74' lang='lat' dir='ltr'>aberratum</span> 
     </span>
     <span class='ocr_line' id='line_1_59' title="bbox 1617 1094 2675 1148; baseline 0 -2"><span class='ocrx_word' id='word_1_324' title='bbox 1617 1097 1703 1146; x_wconf 84' lang='lat' dir='ltr'>sit.</span> <span class='ocrx_word' id='word_1_325' title='bbox 1788 1097 2046 1148; x_wconf 77' lang='lat' dir='ltr'>Auctores</span> <span class='ocrx_word' id='word_1_326' title='bbox 2085 1095 2277 1147; x_wconf 85' lang='lat' dir='ltr'>Strabo</span> <span class='ocrx_word' id='word_1_327' title='bbox 2316 1094 2458 1145; x_wconf 89' lang='lat' dir='ltr'>libro</span> <span class='ocrx_word' id='word_1_328' title='bbox 2494 1097 2675 1146; x_wconf 82' lang='lat' dir='ltr'>tertio:</span> 
     </span>
     <span class='ocr_line' id='line_1_60' title="bbox 1616 1172 2676 1239; baseline 0 -15"><span class='ocrx_word' id='word_1_329' title='bbox 1616 1173 1762 1239; x_wconf 77' lang='lat' dir='ltr'>Epir.</span> <span class='ocrx_word' id='word_1_330' title='bbox 1795 1173 1911 1224; x_wconf 78' lang='lat' dir='ltr'>Liv.</span> <span class='ocrx_word' id='word_1_331' title='bbox 1950 1177 2032 1223; x_wconf 85' lang='grc'>60.</span> <span class='ocrx_word' id='word_1_332' title='bbox 2071 1172 2224 1223; x_wconf 76' lang='lat' dir='ltr'>Oros.</span> <span class='ocrx_word' id='word_1_333' title='bbox 2265 1179 2316 1234; x_wconf 74' lang='grc' dir='ltr'>ὅ,</span> <span class='ocrx_word' id='word_1_334' title='bbox 2354 1178 2436 1224; x_wconf 73' lang='grc'>18.</span> <span class='ocrx_word' id='word_1_335' title='bbox 2470 1172 2606 1223; x_wconf 68' lang='lat' dir='ltr'>Plio.</span> <span class='ocrx_word' id='word_1_336' title='bbox 2633 1180 2676 1235; x_wconf 85' lang='grc'>7,</span> 
     </span>
     <span class='ocr_line' id='line_1_61' title="bbox 1616 1249 2674 1301; baseline 0.001 -1"><span class='ocrx_word' id='word_1_337' title='bbox 1616 1253 1699 1300; x_wconf 73' lang='grc'>44.</span> <span class='ocrx_word' id='word_1_338' title='bbox 1730 1251 1869 1300; x_wconf 80' lang='lat' dir='ltr'>vell.</span> <span class='ocrx_word' id='word_1_339' title='bbox 1898 1249 2015 1299; x_wconf 86' lang='lat' dir='ltr'>Val.</span> <span class='ocrx_word' id='word_1_340' title='bbox 2040 1249 2116 1299; x_wconf 89' lang='lat' dir='ltr'>M.</span> <span class='ocrx_word' id='word_1_341' title='bbox 2158 1250 2441 1301; x_wconf 77' lang='lat' dir='ltr'>Hactenus</span> <span class='ocrx_word' id='word_1_342' title='bbox 2458 1250 2674 1301; x_wconf 68' lang='lat' dir='ltr'>Stadios.</span> 
     </span>
     <span class='ocr_line' id='line_1_62' title="bbox 1617 1322 2675 1391; baseline 0 -16"><span class='ocrx_word' id='word_1_343' title='bbox 1617 1325 1726 1376; x_wconf 86' lang='lat' dir='ltr'>Pro</span> <span class='ocrx_word' id='word_1_344' title='bbox 1748 1326 1904 1376; x_wconf 85' lang='lat' dir='ltr'>Floro</span> <span class='ocrx_word' id='word_1_345' title='bbox 1925 1325 2165 1386; x_wconf 83' lang='lat' dir='ltr'>dixerim,</span> <span class='ocrx_word' id='word_1_346' title='bbox 2202 1325 2488 1376; x_wconf 82' lang='lat' dir='ltr'>liberorum</span> <span class='ocrx_word' id='word_1_347' title='bbox 2510 1322 2675 1391; x_wconf 74' lang='lat' dir='ltr'>appel·</span> 
     </span>
     <span class='ocr_line' id='line_1_63' title="bbox 1617 1400 2678 1465; baseline 0 -13"><span class='ocrx_word' id='word_1_348' title='bbox 1617 1402 1809 1453; x_wconf 85' lang='lat' dir='ltr'>latione</span> <span class='ocrx_word' id='word_1_349' title='bbox 1840 1401 2000 1453; x_wconf 86' lang='lat' dir='ltr'>etiam</span> <span class='ocrx_word' id='word_1_350' title='bbox 2034 1408 2253 1465; x_wconf 83' lang='lat' dir='ltr'>nepotes</span> <span class='ocrx_word' id='word_1_351' title='bbox 2275 1408 2332 1450; x_wconf 89' lang='lat' dir='ltr'>et</span> <span class='ocrx_word' id='word_1_352' title='bbox 2354 1400 2678 1465; x_wconf 74' lang='lat' dir='ltr'>pronepotes,</span> 
     </span>
     <span class='ocr_line' id='line_1_64' title="bbox 1617 1477 2676 1544; baseline 0 -15"><span class='ocrx_word' id='word_1_353' title='bbox 1617 1484 1924 1544; x_wconf 84' lang='lat' dir='ltr'>ceterosque</span> <span class='ocrx_word' id='word_1_354' title='bbox 1963 1477 2360 1536; x_wconf 81' lang='lat' dir='ltr'>descendentes,</span> <span class='ocrx_word' id='word_1_355' title='bbox 2400 1479 2676 1529; x_wconf 86' lang='lat' dir='ltr'>contineri:</span> 
     </span>
     <span class='ocr_line' id='line_1_65' title="bbox 1617 1552 2678 1607; baseline 0.001 -3"><span class='ocrx_word' id='word_1_356' title='bbox 1617 1554 1765 1604; x_wconf 85' lang='lat' dir='ltr'>utin</span> <span class='ocrx_word' id='word_1_357' title='bbox 1808 1555 1845 1604; x_wconf 91' lang='lat' dir='ltr'>l.</span> <span class='ocrx_word' id='word_1_358' title='bbox 1883 1557 1997 1606; x_wconf 75' lang='lat'>22⁰.</span> <span class='ocrx_word' id='word_1_359' title='bbox 2031 1554 2096 1603; x_wconf 85' lang='lat' dir='ltr'>de</span> <span class='ocrx_word' id='word_1_360' title='bbox 2131 1554 2200 1603; x_wconf 83' lang='lat' dir='ltr'>V.</span> <span class='ocrx_word' id='word_1_361' title='bbox 2238 1552 2294 1603; x_wconf 88' lang='lat' dir='ltr'>S.</span> <span class='ocrx_word' id='word_1_362' title='bbox 2330 1553 2553 1605; x_wconf 61' lang='lat' dir='ltr'>fret-ss.</span> <span class='ocrx_word' id='word_1_363' title='bbox 2615 1557 2678 1607; x_wconf 83' lang='lat' dir='ltr'>Q.</span> 
     </span>
     <span class='ocr_line' id='line_1_66' title="bbox 1616 1628 2676 1682; baseline -0.001 -1"><span class='ocrx_word' id='word_1_364' title='bbox 1616 1631 1891 1682; x_wconf 85' lang='lat' dir='ltr'>Metellum</span> <span class='ocrx_word' id='word_1_365' title='bbox 1919 1630 2186 1682; x_wconf 85' lang='lat' dir='ltr'>Creticum</span> <span class='ocrx_word' id='word_1_366' title='bbox 2209 1628 2372 1680; x_wconf 81' lang='lat' dir='ltr'>filium</span> <span class='ocrx_word' id='word_1_367' title='bbox 2397 1631 2458 1680; x_wconf 79' lang='lat'>1..</span> <span class='ocrx_word' id='word_1_368' title='bbox 2483 1631 2676 1680; x_wconf 79' lang='lat' dir='ltr'>Metelli</span> 
     </span>
     <span class='ocr_line' id='line_1_67' title="bbox 1618 1706 2677 1770; baseline -0.002 -11"><span class='ocrx_word' id='word_1_369' title='bbox 1618 1708 1919 1770; x_wconf 83' lang='lat' dir='ltr'>Dalmatici,</span> <span class='ocrx_word' id='word_1_370' title='bbox 1942 1707 2059 1758; x_wconf 84' lang='lat' dir='ltr'>hnic</span> <span class='ocrx_word' id='word_1_371' title='bbox 2088 1713 2263 1756; x_wconf 82' lang='lat' dir='ltr'>autem</span> <span class='ocrx_word' id='word_1_372' title='bbox 2299 1713 2510 1770; x_wconf 84' lang='lat' dir='ltr'>patrem</span> <span class='ocrx_word' id='word_1_373' title='bbox 2530 1706 2677 1757; x_wconf 61' lang='lat' dir='ltr'>sulae</span> 
     </span>
     <span class='ocr_line' id='line_1_68' title="bbox 1620 1781 2679 1836; baseline -0.003 0"><span class='ocrx_word' id='word_1_374' title='bbox 1620 1785 1686 1836; x_wconf 83' lang='lat' dir='ltr'>Q.</span> <span class='ocrx_word' id='word_1_375' title='bbox 1742 1784 2018 1835; x_wconf 87' lang='lat' dir='ltr'>Metellum</span> <span class='ocrx_word' id='word_1_376' title='bbox 2076 1781 2481 1833; x_wconf 71' lang='lat' dir='ltr'>Macedonien-</span> <span class='ocrx_word' id='word_1_377' title='bbox 2536 1783 2679 1833; x_wconf 71' lang='lat' dir='ltr'>etism</span> 
     </span>
     <span class='ocr_line' id='line_1_69' title="bbox 1619 1857 2677 1923; baseline -0.001 -13"><span class='ocrx_word' id='word_1_378' title='bbox 1619 1860 1901 1911; x_wconf 83' lang='lat' dir='ltr'>Panvinlus</span> <span class='ocrx_word' id='word_1_379' title='bbox 1923 1865 1980 1910; x_wconf 87' lang='lat' dir='ltr'>et</span> <span class='ocrx_word' id='word_1_380' title='bbox 2003 1858 2239 1923; x_wconf 73' lang='lat' dir='ltr'>Sigonius</span> <span class='ocrx_word' id='word_1_381' title='bbox 2279 1857 2334 1908; x_wconf 87' lang='lat' dir='ltr'>in</span> <span class='ocrx_word' id='word_1_382' title='bbox 2368 1858 2513 1909; x_wconf 71' lang='lat' dir='ltr'>Fast-</span> <span class='ocrx_word' id='word_1_383' title='bbox 2535 1859 2601 1907; x_wconf 81' lang='lat' dir='ltr'>ad</span> <span class='ocrx_word' id='word_1_384' title='bbox 2620 1858 2677 1909; x_wconf 76' lang='lat' dir='ltr'>A.</span> 
     </span>
     <span class='ocr_line' id='line_1_70' title="bbox 1618 1936 2677 1988; baseline -0.003 0"><span class='ocrx_word' id='word_1_385' title='bbox 1618 1938 1686 1988; x_wconf 85' lang='lat' dir='ltr'>U.</span> <span class='ocrx_word' id='word_1_386' title='bbox 1724 1941 1840 1987; x_wconf 74' lang='lat'>6⁸6.</span> <span class='ocrx_word' id='word_1_387' title='bbox 1887 1940 2002 1987; x_wconf 75' lang='grc'><strong>687.</strong></span> <span class='ocrx_word' id='word_1_388' title='bbox 2050 1942 2108 1985; x_wconf 85' lang='lat' dir='ltr'>et</span> <span class='ocrx_word' id='word_1_389' title='bbox 2146 1939 2263 1986; x_wconf 70' lang='grc'><strong>684.</strong></span> <span class='ocrx_word' id='word_1_390' title='bbox 2308 1936 2677 1985; x_wconf 70' lang='lat' dir='ltr'>existiumrunt.</span> 
     </span>
     <span class='ocr_line' id='line_1_71' title="bbox 1620 2012 2676 2078; baseline -0.002 -14"><span class='ocrx_word' id='word_1_391' title='bbox 1620 2014 1726 2066; x_wconf 87' lang='lat' dir='ltr'>Eos</span> <span class='ocrx_word' id='word_1_392' title='bbox 1747 2014 1855 2065; x_wconf 79' lang='lat' dir='ltr'>falli</span> <span class='ocrx_word' id='word_1_393' title='bbox 1892 2012 2242 2065; x_wconf 80' lang='lat' dir='ltr'>ostenderunt</span> <span class='ocrx_word' id='word_1_394' title='bbox 2278 2013 2505 2078; x_wconf 64' lang='lat' dir='ltr'>Rupert-</span> <span class='ocrx_word' id='word_1_395' title='bbox 2538 2013 2601 2063; x_wconf 75' lang='lat' dir='ltr'>ad</span> <span class='ocrx_word' id='word_1_396' title='bbox 2632 2014 2676 2062; x_wconf 73' lang='lat' dir='ltr'>h.</span> 
     </span>
     <span class='ocr_line' id='line_1_72' title="bbox 1618 2089 2679 2141; baseline -0.002 0"><span class='ocrx_word' id='word_1_397' title='bbox 1618 2090 1653 2141; x_wconf 90' lang='lat' dir='ltr'>l.</span> <span class='ocrx_word' id='word_1_398' title='bbox 1676 2097 1729 2141; x_wconf 87' lang='lat' dir='ltr'>et</span> <span class='ocrx_word' id='word_1_399' title='bbox 1748 2091 1814 2140; x_wconf 90' lang='lat' dir='ltr'>ad</span> <span class='ocrx_word' id='word_1_400' title='bbox 1836 2089 1949 2141; x_wconf 79' lang='lat' dir='ltr'>val.</span> <span class='ocrx_word' id='word_1_401' title='bbox 1974 2090 2052 2140; x_wconf 82' lang='lat' dir='ltr'>M.</span> <span class='ocrx_word' id='word_1_402' title='bbox 2071 2102 2182 2139; x_wconf 68' lang='grc' dir='ltr'><strong>τιι.</strong></span> <span class='ocrx_word' id='word_1_403' title='bbox 2210 2091 2258 2137; x_wconf 91' lang='grc'>1.</span> <span class='ocrx_word' id='word_1_404' title='bbox 2281 2095 2342 2139; x_wconf 86' lang='lat' dir='ltr'>et</span> <span class='ocrx_word' id='word_1_405' title='bbox 2363 2089 2544 2139; x_wconf 73' lang='lat' dir='ltr'>Horis.</span> <span class='ocrx_word' id='word_1_406' title='bbox 2590 2089 2679 2139; x_wconf 80' lang='lat' dir='ltr'>Ce-</span> 
     </span>
     <span class='ocr_line' id='line_1_73' title="bbox 1618 2165 2679 2231; baseline -0.003 -14"><span class='ocrx_word' id='word_1_407' title='bbox 1618 2167 1831 2231; x_wconf 83' lang='lat' dir='ltr'>notaph.</span> <span class='ocrx_word' id='word_1_408' title='bbox 1890 2165 2071 2216; x_wconf 81' lang='lat' dir='ltr'>Pisan.</span> <span class='ocrx_word' id='word_1_409' title='bbox 2125 2165 2272 2216; x_wconf 88' lang='lat' dir='ltr'>Diss.</span> <span class='ocrx_word' id='word_1_410' title='bbox 2317 2177 2359 2216; x_wconf 90' lang='grc' dir='ltr'>ι.</span> <span class='ocrx_word' id='word_1_411' title='bbox 2402 2180 2522 2229; x_wconf 80' lang='lat' dir='ltr'>cap.</span> <span class='ocrx_word' id='word_1_412' title='bbox 2566 2172 2615 2216; x_wconf 75' lang='grc'>5.</span> <span class='ocrx_word' id='word_1_413' title='bbox 2651 2179 2679 2214; x_wconf 81' lang='lat' dir='ltr'>e</span> 
     </span>
     <span class='ocr_line' id='line_1_74' title="bbox 1618 2238 2678 2308; baseline -0.003 -14"><span class='ocrx_word' id='word_1_414' title='bbox 1618 2244 1929 2308; x_wconf 75' lang='lat' dir='ltr'>Fragmento</span> <span class='ocrx_word' id='word_1_415' title='bbox 1952 2238 2227 2293; x_wconf 81' lang='lat' dir='ltr'>Fastorum</span> <span class='ocrx_word' id='word_1_416' title='bbox 2252 2243 2578 2307; x_wconf 73' lang='lat' dir='ltr'>&#39;l&#39;rinmphaL</span> <span class='ocrx_word' id='word_1_417' title='bbox 2599 2257 2678 2306; x_wconf 80' lang='lat' dir='ltr'>sp.</span> 
     </span>
     <span class='ocr_line' id='line_1_75' title="bbox 1619 2318 2682 2383; baseline -0.003 -13"><span class='ocrx_word' id='word_1_418' title='bbox 1619 2320 1775 2370; x_wconf 84' lang='lat' dir='ltr'>Grut.</span> <span class='ocrx_word' id='word_1_419' title='bbox 1797 2322 1914 2369; x_wconf 76' lang='lat'>298.</span> <span class='ocrx_word' id='word_1_420' title='bbox 1934 2322 1982 2369; x_wconf 72' lang='lat'>8.</span> <span class='ocrx_word' id='word_1_421' title='bbox 2004 2319 2056 2368; x_wconf 89' lang='lat' dir='ltr'>in</span> <span class='ocrx_word' id='word_1_422' title='bbox 2076 2332 2180 2383; x_wconf 87' lang='lat' dir='ltr'>qno</span> <span class='ocrx_word' id='word_1_423' title='bbox 2202 2318 2463 2369; x_wconf 75' lang='lat' dir='ltr'>Metellus</span> <span class='ocrx_word' id='word_1_424' title='bbox 2482 2318 2682 2367; x_wconf 74' lang='lat' dir='ltr'>Balma-</span> 
     </span>
     <span class='ocr_line' id='line_1_76' title="bbox 1619 2393 2681 2459; baseline -0.001 -14"><span class='ocrx_word' id='word_1_425' title='bbox 1619 2394 1755 2445; x_wconf 87' lang='lat' dir='ltr'>ticus</span> <span class='ocrx_word' id='word_1_426' title='bbox 1779 2396 1841 2444; x_wconf 85' lang='lat'>1..</span> <span class='ocrx_word' id='word_1_427' title='bbox 1864 2396 1925 2445; x_wconf 83' lang='lat' dir='ltr'>F.</span> <span class='ocrx_word' id='word_1_428' title='bbox 1945 2401 2182 2458; x_wconf 76' lang='lat' dir='ltr'>vocatur,</span> <span class='ocrx_word' id='word_1_429' title='bbox 2218 2407 2327 2445; x_wconf 86' lang='lat' dir='ltr'>non</span> <span class='ocrx_word' id='word_1_430' title='bbox 2367 2395 2439 2446; x_wconf 83' lang='lat' dir='ltr'>Q.</span> <span class='ocrx_word' id='word_1_431' title='bbox 2471 2395 2534 2445; x_wconf 75' lang='lat' dir='ltr'>F.</span> <span class='ocrx_word' id='word_1_432' title='bbox 2552 2393 2681 2459; x_wconf 82' lang='lat' dir='ltr'>qnod</span> 
     </span>
     <span class='ocr_line' id='line_1_77' title="bbox 1619 2470 2681 2536; baseline 0 -15"><span class='ocrx_word' id='word_1_433' title='bbox 1619 2471 1722 2523; x_wconf 82' lang='lat' dir='ltr'>fnit</span> <span class='ocrx_word' id='word_1_434' title='bbox 1755 2472 1964 2523; x_wconf 82' lang='lat' dir='ltr'>Metelli</span> <span class='ocrx_word' id='word_1_435' title='bbox 1999 2470 2337 2522; x_wconf 77' lang='lat' dir='ltr'>Macedonici</span> <span class='ocrx_word' id='word_1_436' title='bbox 2372 2472 2681 2536; x_wconf 68' lang='lat' dir='ltr'>pmnomen.</span> 
     </span>
     <span class='ocr_line' id='line_1_78' title="bbox 1618 2549 2683 2601; baseline -0.001 -2"><span class='ocrx_word' id='word_1_437' title='bbox 1618 2550 1832 2600; x_wconf 84' lang='lat' dir='ltr'>Patrem</span> <span class='ocrx_word' id='word_1_438' title='bbox 1900 2556 2077 2601; x_wconf 84' lang='lat' dir='ltr'>autem</span> <span class='ocrx_word' id='word_1_439' title='bbox 2139 2549 2350 2600; x_wconf 83' lang='lat' dir='ltr'>Metelli</span> <span class='ocrx_word' id='word_1_440' title='bbox 2406 2549 2683 2600; x_wconf 78' lang='lat' dir='ltr'>Dalmatlei</span> 
     </span>
     <span class='ocr_line' id='line_1_79' title="bbox 1620 2624 2685 2689; baseline 0.002 -14"><span class='ocrx_word' id='word_1_441' title='bbox 1620 2624 1777 2677; x_wconf 82' lang='lat' dir='ltr'>fnisse</span> <span class='ocrx_word' id='word_1_442' title='bbox 1816 2628 1877 2679; x_wconf 90' lang='lat' dir='ltr'>L.</span> <span class='ocrx_word' id='word_1_443' title='bbox 1898 2627 2172 2677; x_wconf 83' lang='lat' dir='ltr'>Metellum</span> <span class='ocrx_word' id='word_1_444' title='bbox 2211 2627 2456 2689; x_wconf 78' lang='lat' dir='ltr'>Calvum,</span> <span class='ocrx_word' id='word_1_445' title='bbox 2487 2627 2685 2680; x_wconf 58' lang='lat' dir='ltr'>‹aL-ne·</span> 
     </span>
     <span class='ocr_line' id='line_1_80' title="bbox 1618 2702 2684 2755; baseline 0.001 -3"><span class='ocrx_word' id='word_1_446' title='bbox 1618 2704 1734 2754; x_wconf 86' lang='lat' dir='ltr'>telli</span> <span class='ocrx_word' id='word_1_447' title='bbox 1760 2704 2095 2755; x_wconf 84' lang='lat' dir='ltr'>Macedonici</span> <span class='ocrx_word' id='word_1_448' title='bbox 2117 2702 2355 2755; x_wconf 73' lang='lat' dir='ltr'>fratrem.</span> <span class='ocrx_word' id='word_1_449' title='bbox 2423 2705 2684 2755; x_wconf 77' lang='lat' dir='ltr'>Creticu-</span> 
     </span>
     <span class='ocr_line' id='line_1_81' title="bbox 1621 2779 2684 2845; baseline 0.002 -16"><span class='ocrx_word' id='word_1_450' title='bbox 1621 2794 1776 2845; x_wconf 86' lang='lat' dir='ltr'>porro</span> <span class='ocrx_word' id='word_1_451' title='bbox 1816 2795 1917 2830; x_wconf 89' lang='lat' dir='ltr'>non</span> <span class='ocrx_word' id='word_1_452' title='bbox 1957 2779 2117 2831; x_wconf 76' lang='lat' dir='ltr'>fnisse</span> <span class='ocrx_word' id='word_1_453' title='bbox 2155 2779 2317 2830; x_wconf 79' lang='lat' dir='ltr'>filium</span> <span class='ocrx_word' id='word_1_454' title='bbox 2355 2781 2684 2832; x_wconf 58' lang='lat' dir='ltr'>Macedone!</span> 
     </span>
     <span class='ocr_line' id='line_1_82' title="bbox 1620 2855 2685 2922; baseline 0.002 -17"><span class='ocrx_word' id='word_1_455' title='bbox 1620 2856 1675 2905; x_wconf 90' lang='lat' dir='ltr'>in</span> <span class='ocrx_word' id='word_1_456' title='bbox 1700 2855 1938 2908; x_wconf 79' lang='lat' dir='ltr'>confesso</span> <span class='ocrx_word' id='word_1_457' title='bbox 1957 2865 2060 2909; x_wconf 86' lang='lat' dir='ltr'>est.</span> <span class='ocrx_word' id='word_1_458' title='bbox 2092 2857 2357 2922; x_wconf 85' lang='lat' dir='ltr'>Nepotem</span> <span class='ocrx_word' id='word_1_459' title='bbox 2380 2857 2523 2907; x_wconf 79' lang='lat' dir='ltr'>illins</span> <span class='ocrx_word' id='word_1_460' title='bbox 2538 2857 2685 2907; x_wconf 68' lang='lat' dir='ltr'>fnisse</span> 
     </span>
     <span class='ocr_line' id='line_1_83' title="bbox 1619 2933 2687 3001; baseline 0 -19"><span class='ocrx_word' id='word_1_461' title='bbox 1619 2933 1956 2984; x_wconf 88' lang='lat' dir='ltr'>consentiunt</span> <span class='ocrx_word' id='word_1_462' title='bbox 1999 2933 2185 2984; x_wconf 77' lang='lat' dir='ltr'>docti:</span> <span class='ocrx_word' id='word_1_463' title='bbox 2243 2933 2337 2984; x_wconf 83' lang='lat' dir='ltr'>sed</span> <span class='ocrx_word' id='word_1_464' title='bbox 2382 2935 2619 3001; x_wconf 77' lang='lat' dir='ltr'>quisnam</span> <span class='ocrx_word' id='word_1_465' title='bbox 2657 2947 2687 2982; x_wconf 88' lang='lat' dir='ltr'>e</span> 
     </span>
     <span class='ocr_line' id='line_1_84' title="bbox 1619 3008 2690 3075; baseline 0.003 -17"><span class='ocrx_word' id='word_1_466' title='bbox 1619 3015 1844 3075; x_wconf 86' lang='lat' dir='ltr'>quatuor</span> <span class='ocrx_word' id='word_1_467' title='bbox 1858 3008 1980 3060; x_wconf 80' lang='lat' dir='ltr'>filiis</span> <span class='ocrx_word' id='word_1_468' title='bbox 2002 3009 2334 3060; x_wconf 82' lang='lat' dir='ltr'>Macedonici</span> <span class='ocrx_word' id='word_1_469' title='bbox 2357 3011 2411 3060; x_wconf 87' lang='lat' dir='ltr'>ei</span> <span class='ocrx_word' id='word_1_470' title='bbox 2434 3017 2589 3075; x_wconf 81' lang='lat' dir='ltr'>pater</span> <span class='ocrx_word' id='word_1_471' title='bbox 2608 3010 2690 3061; x_wconf 76' lang='lat' dir='ltr'>ad·</span> 
     </span>
     <span class='ocr_line' id='line_1_85' title="bbox 1619 3080 2691 3151; baseline 0.001 -16"><span class='ocrx_word' id='word_1_472' title='bbox 1619 3085 1898 3149; x_wconf 80' lang='lat' dir='ltr'>signandus</span> <span class='ocrx_word' id='word_1_473' title='bbox 1950 3086 2039 3151; x_wconf 86' lang='lat' dir='ltr'>sit,</span> <span class='ocrx_word' id='word_1_474' title='bbox 2090 3080 2333 3151; x_wconf 79' lang='lat' dir='ltr'>ignorare</span> <span class='ocrx_word' id='word_1_475' title='bbox 2390 3102 2452 3137; x_wconf 89' lang='lat' dir='ltr'>se</span> <span class='ocrx_word' id='word_1_476' title='bbox 2492 3086 2691 3138; x_wconf 77' lang='lat' dir='ltr'>fatetur</span> 
     </span>
     <span class='ocr_line' id='line_1_86' title="bbox 1619 3160 2690 3227; baseline 0.003 -17"><span class='ocrx_word' id='word_1_477' title='bbox 1619 3161 1875 3212; x_wconf 84' lang='lat' dir='ltr'>Norisius.</span> <span class='ocrx_word' id='word_1_478' title='bbox 1940 3163 2153 3213; x_wconf 83' lang='lat' dir='ltr'>Erravit</span> <span class='ocrx_word' id='word_1_479' title='bbox 2173 3162 2336 3227; x_wconf 76' lang='lat' dir='ltr'>igitur</span> <span class='ocrx_word' id='word_1_480' title='bbox 2370 3160 2515 3213; x_wconf 70' lang='lat' dir='ltr'>hand</span> <span class='ocrx_word' id='word_1_481' title='bbox 2540 3164 2690 3213; x_wconf 65' lang='lat' dir='ltr'>dubit</span> 
     </span>
     <span class='ocr_line' id='line_1_87' title="bbox 1618 3237 2690 3304; baseline 0.005 -18"><span class='ocrx_word' id='word_1_482' title='bbox 1618 3237 1820 3302; x_wconf 84' lang='lat' dir='ltr'>Florus,</span> <span class='ocrx_word' id='word_1_483' title='bbox 1859 3253 2016 3304; x_wconf 86' lang='lat' dir='ltr'>quum</span> <span class='ocrx_word' id='word_1_484' title='bbox 2058 3239 2325 3291; x_wconf 83' lang='lat' dir='ltr'>Creticum</span> <span class='ocrx_word' id='word_1_485' title='bbox 2362 3239 2534 3291; x_wconf 74' lang='lat' dir='ltr'>filiun</span> <span class='ocrx_word' id='word_1_486' title='bbox 2565 3240 2690 3291; x_wconf 71' lang='lat' dir='ltr'>facit</span> 
     </span>
     <span class='ocr_line' id='line_1_88' title="bbox 1618 3312 2689 3379; baseline 0.005 -18"><span class='ocrx_word' id='word_1_487' title='bbox 1618 3312 1968 3379; x_wconf 85' lang='lat' dir='ltr'>Macedonici,</span> <span class='ocrx_word' id='word_1_488' title='bbox 2021 3320 2077 3366; x_wconf 88' lang='lat' dir='ltr'>et</span> <span class='ocrx_word' id='word_1_489' title='bbox 2125 3316 2398 3368; x_wconf 79' lang='lat' dir='ltr'>Balearici</span> <span class='ocrx_word' id='word_1_490' title='bbox 2452 3316 2689 3369; x_wconf 75' lang='lat' dir='ltr'>fratrem.</span> 
     </span>
     <span class='ocr_line' id='line_1_89' title="bbox 1617 3386 2688 3458; baseline 0.003 -17"><span class='ocrx_word' id='word_1_491' title='bbox 1617 3390 1789 3458; x_wconf 87' lang='lat' dir='ltr'>quue</span> <span class='ocrx_word' id='word_1_492' title='bbox 1817 3386 1976 3444; x_wconf 85' lang='lat' dir='ltr'>etiam</span> <span class='ocrx_word' id='word_1_493' title='bbox 2012 3394 2355 3445; x_wconf 75' lang='lat' dir='ltr'>observarunt</span> <span class='ocrx_word' id='word_1_494' title='bbox 2390 3395 2602 3446; x_wconf 76' lang='lat' dir='ltr'>Manat.</span> <span class='ocrx_word' id='word_1_495' title='bbox 2623 3393 2688 3444; x_wconf 80' lang='lat' dir='ltr'>sd</span> 
     </span>
     <span class='ocr_line' id='line_1_90' title="bbox 1619 3467 2689 3522; baseline 0.002 -5"><span class='ocrx_word' id='word_1_496' title='bbox 1619 3467 1729 3521; x_wconf 83' lang='lat' dir='ltr'>Cic.</span> <span class='ocrx_word' id='word_1_497' title='bbox 1765 3482 1803 3520; x_wconf 84' lang='lat'>1.</span> <span class='ocrx_word' id='word_1_498' title='bbox 1841 3469 1906 3518; x_wconf 87' lang='lat' dir='ltr'>ad</span> <span class='ocrx_word' id='word_1_499' title='bbox 1933 3468 2051 3521; x_wconf 83' lang='lat' dir='ltr'>Att.</span> <span class='ocrx_word' id='word_1_500' title='bbox 2088 3473 2171 3520; x_wconf 75' lang='lat'>19.</span> <span class='ocrx_word' id='word_1_501' title='bbox 2206 3477 2262 3521; x_wconf 89' lang='lat' dir='ltr'>et</span> <span class='ocrx_word' id='word_1_502' title='bbox 2296 3469 2545 3522; x_wconf 66' lang='lat' dir='ltr'>Pet-iton.</span> <span class='ocrx_word' id='word_1_503' title='bbox 2567 3470 2689 3520; x_wconf 75' lang='lat' dir='ltr'>Ani·</span> 
     </span>
     <span class='ocr_line' id='line_1_91' title="bbox 1615 3544 2689 3612; baseline 0.002 -19"><span class='ocrx_word' id='word_1_504' title='bbox 1615 3544 1791 3595; x_wconf 81' lang='lat' dir='ltr'>madv.</span> <span class='ocrx_word' id='word_1_505' title='bbox 1827 3560 1875 3596; x_wconf 90' lang='lat' dir='ltr'>c.</span> <span class='ocrx_word' id='word_1_506' title='bbox 1911 3560 1976 3597; x_wconf 93' lang='grc' dir='ltr'>ιι.</span> <span class='ocrx_word' id='word_1_507' title='bbox 2019 3561 2073 3611; x_wconf 89' lang='lat' dir='ltr'>p.</span> <span class='ocrx_word' id='word_1_508' title='bbox 2114 3549 2199 3596; x_wconf 73' lang='lat'>⁷2.</span> <span class='ocrx_word' id='word_1_509' title='bbox 2251 3546 2371 3597; x_wconf 83' lang='lat' dir='ltr'>Nee</span> <span class='ocrx_word' id='word_1_510' title='bbox 2410 3554 2545 3612; x_wconf 80' lang='lat' dir='ltr'>puto</span> <span class='ocrx_word' id='word_1_511' title='bbox 2572 3560 2689 3596; x_wconf 75' lang='lat' dir='ltr'>en-</span> 
     </span>
     <span class='ocr_line' id='line_1_92' title="bbox 1616 3621 2687 3674; baseline 0.003 -5"><span class='ocrx_word' id='word_1_512' title='bbox 1616 3634 1734 3670; x_wconf 88' lang='lat' dir='ltr'>cnm</span> <span class='ocrx_word' id='word_1_513' title='bbox 1777 3621 1899 3671; x_wconf 87' lang='lat' dir='ltr'>Vin.</span> <span class='ocrx_word' id='word_1_514' title='bbox 1955 3628 2011 3672; x_wconf 89' lang='lat' dir='ltr'>et</span> <span class='ocrx_word' id='word_1_515' title='bbox 2062 3623 2422 3674; x_wconf 76' lang='lat' dir='ltr'>Freinshemio</span> <span class='ocrx_word' id='word_1_516' title='bbox 2474 3622 2687 3674; x_wconf 71' lang='lat' dir='ltr'>defendi</span> 
     </span>
     <span class='ocr_line' id='line_1_93' title="bbox 1618 3698 2685 3759; baseline 0.002 -15"><span class='ocrx_word' id='word_1_517' title='bbox 1618 3709 1770 3759; x_wconf 83' lang='lat' dir='ltr'>posse</span> <span class='ocrx_word' id='word_1_518' title='bbox 1816 3711 1848 3747; x_wconf 88' lang='lat' dir='ltr'>e</span> <span class='ocrx_word' id='word_1_519' title='bbox 1884 3698 1919 3746; x_wconf 89' lang='lat' dir='ltr'>l.</span> <span class='ocrx_word' id='word_1_520' title='bbox 1956 3702 2071 3749; x_wconf 71' lang='lat'>2²0.</span> <span class='ocrx_word' id='word_1_521' title='bbox 2103 3698 2176 3750; x_wconf 88' lang='lat' dir='ltr'>D.</span> <span class='ocrx_word' id='word_1_522' title='bbox 2212 3698 2280 3749; x_wconf 90' lang='lat' dir='ltr'>de</span> <span class='ocrx_word' id='word_1_523' title='bbox 2319 3699 2389 3749; x_wconf 83' lang='lat' dir='ltr'>V.</span> <span class='ocrx_word' id='word_1_524' title='bbox 2424 3700 2480 3749; x_wconf 80' lang='lat' dir='ltr'>S.</span> <span class='ocrx_word' id='word_1_525' title='bbox 2554 3698 2685 3750; x_wconf 81' lang='lat' dir='ltr'>Nam</span> 
     </span>
     <span class='ocr_line' id='line_1_94' title="bbox 1615 3772 2686 3838; baseline 0.004 -18"><span class='ocrx_word' id='word_1_526' title='bbox 1615 3772 1755 3837; x_wconf 82' lang='lat' dir='ltr'>q‘nod</span> <span class='ocrx_word' id='word_1_527' title='bbox 1778 3772 1948 3838; x_wconf 74' lang='lat' dir='ltr'>Leges</span> <span class='ocrx_word' id='word_1_528' title='bbox 1968 3772 2129 3824; x_wconf 87' lang='lat' dir='ltr'>certis</span> <span class='ocrx_word' id='word_1_529' title='bbox 2168 3775 2233 3824; x_wconf 81' lang='lat' dir='ltr'>in</span> <span class='ocrx_word' id='word_1_530' title='bbox 2259 3774 2475 3826; x_wconf 75' lang='lat' dir='ltr'>casibus</span> <span class='ocrx_word' id='word_1_531' title='bbox 2497 3774 2686 3825; x_wconf 81' lang='lat' dir='ltr'>consti-</span> 
     </span>
     <span class='ocr_line' id='line_1_95' title="bbox 1617 3849 2679 3912; baseline 0.002 -14"><span class='ocrx_word' id='word_1_532' title='bbox 1617 3854 1849 3912; x_wconf 84' lang='lat' dir='ltr'>tuerunt,</span> <span class='ocrx_word' id='word_1_533' title='bbox 1869 3855 1929 3899; x_wconf 90' lang='lat' dir='ltr'>nt</span> <span class='ocrx_word' id='word_1_534' title='bbox 1950 3853 1966 3880; x_wconf 88' lang='lat'>‘</span> <span class='ocrx_word' id='word_1_535' title='bbox 1986 3849 2235 3901; x_wconf 78' lang='lat' dir='ltr'>filiorum’</span> <span class='ocrx_word' id='word_1_536' title='bbox 2255 3858 2315 3901; x_wconf 90' lang='lat' dir='ltr'>et</span> <span class='ocrx_word' id='word_1_537' title='bbox 2333 3851 2350 3880; x_wconf 77' lang='lat'>⁸</span> <span class='ocrx_word' id='word_1_538' title='bbox 2374 3849 2679 3902; x_wconf 74' lang='lat' dir='ltr'>liberonm&#39;</span> 
     </span>
     <span class='ocr_line' id='line_1_96' title="bbox 1616 3925 2679 3993; baseline 0.005 -20"><span class='ocrx_word' id='word_1_539' title='bbox 1616 3925 1872 3976; x_wconf 82' lang='lat' dir='ltr'>vocabolo</span> <span class='ocrx_word' id='word_1_540' title='bbox 1901 3927 2060 3977; x_wconf 86' lang='lat' dir='ltr'>etiam</span> <span class='ocrx_word' id='word_1_541' title='bbox 2083 3933 2326 3993; x_wconf 76' lang='lat' dir='ltr'>nepotes,</span> <span class='ocrx_word' id='word_1_542' title='bbox 2346 3934 2679 3993; x_wconf 75' lang='lat' dir='ltr'>pronepotes,</span> 
     </span>
     <span class='ocr_line' id='line_1_97' title="bbox 1612 3995 2679 4066; baseline 0.003 -16"><span class='ocrx_word' id='word_1_543' title='bbox 1612 3995 1887 4066; x_wconf 82' lang='lat' dir='ltr'>ceterique</span> <span class='ocrx_word' id='word_1_544' title='bbox 1900 4001 2285 4054; x_wconf 74' lang='lat' dir='ltr'>descendentes</span> <span class='ocrx_word' id='word_1_545' title='bbox 2302 4006 2679 4063; x_wconf 72' lang='lat' dir='ltr'>contineantur,</span> 
     </span>
     <span class='ocr_line' id='line_1_98' title="bbox 1617 4080 2676 4147; baseline 0.003 -20"><span class='ocrx_word' id='word_1_546' title='bbox 1617 4091 1746 4143; x_wconf 80' lang='lat' dir='ltr'>qnos</span> <span class='ocrx_word' id='word_1_547' title='bbox 1767 4080 1879 4128; x_wconf 83' lang='lat' dir='ltr'>Lex</span> <span class='ocrx_word' id='word_1_548' title='bbox 1903 4092 2005 4130; x_wconf 75' lang='grc' dir='ltr'><strong>ιιι.</strong></span> <span class='ocrx_word' id='word_1_549' title='bbox 2034 4080 2171 4130; x_wconf 71' lang='grc' dir='ltr'>Τὼ.</span> <span class='ocrx_word' id='word_1_550' title='bbox 2194 4082 2546 4147; x_wconf 76' lang='lat' dir='ltr'>adpellatione</span> <span class='ocrx_word' id='word_1_551' title='bbox 2566 4094 2676 4130; x_wconf 78' lang='lat' dir='ltr'>sno-</span> 
     </span>
     <span class='ocr_line' id='line_1_99' title="bbox 1614 4155 2673 4220; baseline -0.003 -16"><span class='ocrx_word' id='word_1_552' title='bbox 1614 4166 1726 4205; x_wconf 80' lang='lat' dir='ltr'>rum</span> <span class='ocrx_word' id='word_1_553' title='bbox 1768 4155 2186 4220; x_wconf 79' lang='lat' dir='ltr'>comprehendit,</span> <span class='ocrx_word' id='word_1_554' title='bbox 2207 4157 2262 4207; x_wconf 89' lang='lat' dir='ltr'>id</span> <span class='ocrx_word' id='word_1_555' title='bbox 2284 4171 2390 4207; x_wconf 85' lang='lat' dir='ltr'>non</span> <span class='ocrx_word' id='word_1_556' title='bbox 2412 4156 2481 4207; x_wconf 82' lang='lat' dir='ltr'>ad</span> <span class='ocrx_word' id='word_1_557' title='bbox 2510 4155 2673 4205; x_wconf 71' lang='lat' dir='ltr'>onnia</span> 
     </span>
     <span class='ocr_line' id='line_1_100' title="bbox 1614 4229 2669 4298; baseline -0.005 -16"><span class='ocrx_word' id='word_1_558' title='bbox 1614 4229 1860 4298; x_wconf 73' lang='lat' dir='ltr'>proferri,</span> <span class='ocrx_word' id='word_1_559' title='bbox 1900 4246 1999 4284; x_wconf 82' lang='lat' dir='ltr'>nec</span> <span class='ocrx_word' id='word_1_560' title='bbox 2031 4231 2248 4297; x_wconf 76' lang='lat' dir='ltr'>ubique,</span> <span class='ocrx_word' id='word_1_561' title='bbox 2288 4239 2441 4284; x_wconf 79' lang='lat' dir='ltr'>certe</span> <span class='ocrx_word' id='word_1_562' title='bbox 2480 4245 2582 4282; x_wconf 74' lang='lat' dir='ltr'>non</span> <span class='ocrx_word' id='word_1_563' title='bbox 2610 4229 2669 4277; x_wconf 76' lang='lat' dir='ltr'>in</span> 
     </span>
    </p>
   </div>
   <div class='ocr_carea' id='block_1_11' title="bbox 2903 0 2915 4865">
    <p class='ocr_par' dir='ltr' id='par_1_14' title="bbox 2903 0 2915 4865">
     <span class='ocr_line' id='line_1_101' title="bbox 2903 0 2915 4865; baseline 0 0"><span class='ocrx_word' id='word_1_564' title='bbox 2903 0 2915 4865; x_wconf 95' lang='lat' dir='ltr'> </span> 
     </span>
    </p>
   </div>
  </div>
 </body>
</html>
