2950 4892
723 403 790 452 1..
836 403 1093 477 Auum
1144 402 1365 453 raom
1421 403 1566 452 nia.
1615 403 1695 453 ιι.
1743 402 1909 474 qu.
1952 387 2016 454 6.

261 559 483 611 rumque
496 543 774 611 caliginem
789 541 1064 600 offundam
1082 546 1185 598 ista
1198 560 1333 598 com·

261 624 475 691 pendia,
510 622 702 689 quibus
723 619 879 678 nimia
912 623 1137 674 brevitas
1160 629 1335 688 capta·

266 709 372 754 tur.
409 701 516 753 Sal.

324 779 373 843 5.
404 782 437 828 ⁸
473 777 539 826 Ῑιι
573 791 719 827 cansa
753 776 863 827 aeui
895 776 1144 840 &gantas
1180 779 1334 829 deleta

260 851 363 918 kat]
392 853 591 903 Verum
608 859 711 918 est,
729 854 925 915 delecta,
944 867 1045 905 non
1061 855 1241 904 deleta.-
1260 861 1335 919 et,

265 933 323 983 in
343 945 550 994 cusan,
588 944 694 981 non
713 931 767 981 in
788 945 946 982 causa.
1009 929 1220 996 Delegit
1239 930 1332 982 Sa·

269 1014 491 1075 guntum
514 1005 762 1072 Annibal,
794 1007 940 1072 cujus
979 1008 1176 1059 eversio
1213 1023 1334 1060 cau-

265 1100 379 1138 sam
401 1084 528 1136 belli
550 1084 814 1149 praeberet
842 1085 980 1136 inter
1007 1100 1062 1137 se
1079 1092 1134 1136 et
1152 1086 1333 1137 Roma·

264 1178 383 1214 nos.
453 1161 597 1212 Nihil
621 1161 794 1212 verius
814 1162 914 1213 bac
936 1161 1176 1212 lectione.
1246 1162 1335 1212 Li-

264 1239 364 1290 bro
387 1238 548 1290 tertio
568 1237 636 1288 de
658 1236 940 1289 Tribunis:
974 1238 991 1267 ‘
1011 1238 1263 1289 Scaurum
1278 1245 1333 1292 et

265 1315 576 1382 Philippum
600 1330 719 1366 reos
751 1315 987 1383 delegit!
1048 1317 1330 1382 Sequitur:

261 1398 402 1444 aetus
420 1391 678 1456 Hispania
697 1392 885 1442 civitas.
951 1390 1054 1457 Ap.
1084 1392 1236 1445 Jord.
1262 1394 1334 1444 le·

265 1470 412 1535 gitur
434 1484 451 1519 ε
480 1468 607 1519 velut
652 1468 906 1533 Hispania
941 1469 1130 1524 civitas.
1209 1469 1333 1520 Tale

264 1544 397 1612 qnid
419 1546 602 1611 procul
622 1545 783 1597 dubio
801 1546 854 1596 in
875 1546 1018 1597 Flori
1035 1546 1182 1599 libris
1197 1547 1336 1613 lege·

263 1628 373 1692 rat.
456 1621 854 1673 Vetustissimos
910 1623 1152 1687 omnium,
1207 1637 1337 1689 quos

262 1712 407 1749 nnnc
429 1704 612 1748 extare
634 1711 957 1763 censeamus,
982 1698 1113 1751 Νη.
1151 1699 1226 1750 ita
1244 1700 1336 1751 ha·

261 1774 361 1826 bet
379 1791 394 1825 ι
429 1772 676 1837 saguntus
696 1775 874 1825 delecta
895 1782 967 1826 est
993 1791 1051 1826 us
1071 1775 1328 1842 Hispania

260 1852 460 1903 civitas.
526 1851 571 1902 S
592 1865 687 1917 pro
709 1857 732 1901 t
752 1852 807 1901 in
842 1852 929 1902 illo
963 1853 1164 1918 optimo
1199 1853 1337 1907 libro

265 1928 459 1981 crebro
480 1935 750 1979 exaratum
785 1929 1093 1982 notavimus.
1163 1930 1339 1999 Igitur

265 2022 339 2059 ex
363 2022 424 2057 eo
448 2007 754 2072 legendum:
780 2003 1023 2071 &gantas
1041 2010 1222 2061 delecta
1244 2017 1338 2077 ert,

263 2089 323 2135 ut
348 2084 605 2149 Hispania
623 2083 795 2134 civitas
814 2089 861 2135 et
883 2086 1125 2149 opulenta.
1199 2088 1267 2138 Ut
1286 2088 1337 2139 in

266 2163 398 2211 velut
420 2158 645 2210 mutavit
665 2158 812 2211 Jord.
835 2175 977 2211 more
1002 2159 1114 2225 suo,
1145 2171 1206 2213 ut
1228 2164 1338 2229 pla-

262 2240 387 2290 nius
433 2247 591 2290 esset.
667 2241 934 2293 Quantum
979 2240 1069 2290 illa
1110 2241 1339 2294 habeant

262 2305 542 2380 momenti,
564 2320 618 2365 ut
638 2315 894 2380 Hispania
915 2316 1103 2382 ciuitas,
1123 2332 1225 2368 uon
1266 2319 1339 2386 ig-

265 2393 548 2458 norabunt,
583 2393 672 2460 qui
730 2394 923 2461 aliquid
963 2396 1035 2446 in·
1060 2396 1209 2447 libris
1251 2398 1341 2449 ali·

270 2470 758 2536 qnandojegerunt,
791 2471 983 2537 quique
1012 2472 1146 2523 hanc
1180 2473 1341 2526 histo-

266 2548 402 2599 riam
438 2552 638 2599 tenent.
710 2548 848 2601 Quia
885 2555 1060 2601 tamen
1082 2550 1135 2602 id
1156 2552 1339 2603 obscu-

269 2640 386 2676 rum
420 2631 506 2675 est
538 2639 606 2676 ex
638 2624 935 2676 narratione
967 2626 1129 2692 Flori,
1160 2627 1342 2680 diluci-

269 2701 389 2754 dius
433 2701 832 2767 explanandum·
897 2703 1095 2754 Ultimo
1139 2702 1339 2757 foedere

270 2786 485 2832 cantum
508 2777 702 2840 fuerat,
722 2784 782 2828 ut
803 2777 992 2830 Iberus
1013 2779 1342 2831 distermina·

268 2865 356 2909 ret
377 2857 630 2907 ditionem
666 2856 1015 2905 Romanorum
1038 2862 1096 2905 et
1129 2856 1344 2908 Cartha·

270 2933 601 2999 giniensium.
667 2932 925 2997 Saguntos
961 2933 1101 2984 ultra
1131 2933 1342 2984 Iberum

269 3010 509 3077 quidem,
534 3007 738 3062 foedere
776 3014 951 3059 tamen
992 3024 1111 3060 cum
1151 3010 1344 3062 Roma-

268 3088 352 3139 nis
366 3088 577 3154 juncta,
614 3094 673 3138 et
694 3085 812 3136 ideo
830 3093 1079 3152 excepta,
1117 3101 1183 3138 ne
1215 3088 1341 3154 quid

270 3165 327 3215 in
347 3178 463 3216 eam
498 3163 692 3215 liceret
725 3161 1228 3227 Carthaginiensium
1259 3179 1340 3214 ar·

272 3240 390 3306 mis,
412 3248 573 3304 utque
596 3238 762 3289 libera
790 3246 1025 3290 maneret
1046 3238 1185 3290 inter
1212 3240 1340 3291 utri·

275 3332 437 3384 nsque
458 3315 643 3382 populi
677 3315 909 3380 imperia.
977 3313 1227 3380 Annibal,
1257 3318 1344 3368 cui

275 3396 606 3462 propositum
641 3399 759 3443 erat
790 3392 983 3443 bellum
1005 3408 1217 3445 movere
1241 3395 1344 3446 Ro-

274 3474 462 3538 manis,
494 3488 563 3523 ne
599 3465 906 3537 foedifragus
939 3472 1110 3536 palam
1142 3472 1344 3524 videre·

278 3557 382 3616 tur,
404 3564 512 3601 non
531 3546 841 3614 Saguntinis
861 3561 1004 3598 uma
1027 3554 1206 3612 aperte
1248 3564 1345 3600 nec

278 3626 453 3678 statim
472 3624 673 3689 intulit,
696 3622 789 3672 sed
825 3622 882 3673 in
906 3622 1166 3674 Olcadum
1200 3623 1349 3690 fines,

276 3693 397 3769 'eluas
423 3716 554 3768 gens
572 3699 714 3752 ultra
736 3698 948 3750 Iberum
972 3715 1192 3765 amnem,
1209 3702 1263 3752 in
1283 3716 1349 3753 ca

275 3786 426 3846 parte
443 3794 604 3845 quam
628 3777 851 3829 Romani
883 3791 987 3828 non
1010 3786 1350 3842 exceperant,

278 3855 568 3907 exercitum
595 3852 826 3918 induxit,
865 3860 926 3903 ut
957 3868 1061 3904 non
1084 3861 1234 3905 recta
1256 3871 1348 3921 pe·

278 3929 403 3984 tius
426 3928 767 3995 Saguntinos,
789 3927 883 3979 sed
905 3942 1078 3980 rerum
1099 3930 1232 3982 serie
1257 3931 1349 3982 du·

276 4017 451 4075 cente,
464 4006 708 4059 finitimis
733 4004 1056 4072 perdomitis,
1074 4008 1347 4060 contineu-

277 4077 352 4139 ‘tia
376 4083 674 4153 jungendo,
715 4082 784 4133 ad
815 4083 1065 4148 oppidum
1111 4084 1348 4151 ejusdem

273 4165 503 4234 regionis
525 4163 672 4214 ultra
686 4160 899 4212 Iberum
915 4161 1030 4211 sitae
1051 4176 1350 4228 oppugnan-

274 4243 399 4296 dum
419 4239 576 4309 quasi
601 4241 804 4289 tractus
824 4235 989 4287 videri
1011 4245 1209 4302 posset.
1275 4239 1352 4289 Ut

274 4318 555 4389 Hispania
597 4328 727 4381 ergo
758 4312 940 4366 urbem
975 4314 1263 4382 Saguntum
1296 4315 1350 4367 in

1401 3077 1542 3152 ''test.
1577 3084 1665 3134 Fr.

2339 390 2470 458 647

1409 541 1536 596 belli
1554 558 1763 596 causam
1785 545 2006 610 delegit,
2023 544 2078 596 id
2100 549 2201 611 est,
2218 545 2329 611 qius
2343 546 2470 598 His-

1406 621 1598 686 paniae,
1620 637 1735 687 quae
1760 623 1898 674 ultra
1920 622 2075 673 finem
2098 630 2241 674 esset
2264 625 2469 690 imperii

1410 699 1651 761 Romani,
1688 700 1787 750 hoc
1820 706 1915 762 est,
1949 701 2087 750 ultra
2119 700 2330 751 Iberum
2367 717 2471 752 am·

1406 790 1544 826 nem.
1612 775 1765 830 Quod
1789 789 1893 828 non
1923 783 2102 828 tacere
2136 777 2320 828 debuit
2356 779 2474 830 Flo-

1409 867 1516 917 rus,
1553 868 1661 904 rem
1680 867 1802 904 sane
1824 853 1958 904 tanti
1979 855 2248 918 momenti,
2281 861 2340 906 ut
2357 856 2473 906 sine

1408 945 1472 982 ea
1496 931 1581 981 vix
1621 931 1847 995 intelligi
1873 938 2051 996 queat,
2083 946 2244 997 quare
2279 932 2474 985 dixerit

1408 1006 1681 1069 sagnam
1702 1006 1930 1057 Annibali
1950 1008 2179 1057 ἀιῑεασηι
2213 1008 2265 1058 ia
2282 1022 2474 1059 causans

1406 1084 1539 1149 bem,
1559 1090 1614 1135 ut
1635 1084 1890 1149 Hispania
1910 1085 2089 1135 urbem.
2153 1085 2276 1136 Non
2297 1085 2474 1137 admo·

1407 1160 1532 1210 dum
1552 1167 1726 1211 autem
1750 1167 1980 1212 veterem
2005 1160 2166 1212 fuisse
2186 1160 2368 1210 urbem
2382 1162 2500 1213 Sa?

1409 1243 1647 1303 guntum,
1685 1252 1754 1287 ex
1798 1238 1913 1289 Liv.
1951 1239 2201 1304 colligere
2238 1244 2339 1300 est,
2387 1238 2476 1304 qui

1409 1314 1595 1367 scribit
1632 1315 1730 1366 lib.
1767 1328 1885 1366 xxi.
1922 1314 2167 1367 oriundos
2203 1315 2408 1382 quidem
2441 1331 2474 1366 a

1411 1392 1876 1457 Zacynthoinsnla
1907 1393 2020 1457 ejus
2055 1392 2264 1451 incolas,
2304 1393 2473 1444 mistis

1410 1469 1477 1519 ab
1519 1468 1693 1520 Ardea
1733 1469 1961 1530 Rutulis,
2007 1468 2261 1534 brevique
2295 1469 2348 1519 in
2384 1485 2472 1520 eas

1410 1562 1538 1614 opes
1575 1547 1824 1610 crevisse,
1859 1552 2071 1611 quantas
2095 1552 2204 1596 tum
2238 1544 2472 1609 fuerunt,

1411 1640 1528 1676 cum
1547 1639 1635 1676 eos
1656 1637 1958 1690 expugnare
1979 1623 2192 1673 adortus
2211 1630 2295 1673 est
2312 1621 2476 1673 Anni·

1410 1701 1515 1754 bal.
1549 1701 1653 1753 Sal.
1722 1704 1783 1753 In
1802 1716 1944 1752 caasa
1960 1698 2094 1764 bena]
2147 1698 2287 1753 Quid
2313 1699 2356 1749 si
2380 1700 2476 1765 eji-

1411 1780 1770 1832 ceretnrillud
1803 1776 1896 1829 in?
1961 1775 2175 1828 stadius
2216 1775 2379 1826 habet
2420 1777 2476 1826 ἐκ

1410 1872 1638 1922 massan,
1676 1856 1768 1906 scd
1790 1856 2011 1907 alterum
2036 1859 2198 1903 restat
2220 1852 2273 1902 in
2303 1851 2474 1903 tribus

1411 1934 1549 1985 Pall.
1569 1948 1784 1999 quornm
1807 1930 1999 1998 primus
2020 1930 2176 1980 habet
2191 1930 2372 1980 delecta
2388 1935 2478 1981 est.

1411 2009 1518 2061 Sed
1563 2016 1737 2060 tamen
1789 2022 1907 2058 cum
1963 2006 2142 2056 statim
2194 2012 2471 2071 sequatur:

1410 2086 1428 2115 ‘
1446 2102 1599 2153 quam
1621 2085 1851 2137 Annibal
1873 2097 2082 2136 caussas
2104 2097 2353 2134 novorum
2368 2097 2478 2134 mo-

1414 2169 1561 2215 tuum
1603 2161 1879 2228 quoerens,'
1930 2165 2030 2212 ὅτε.
2090 2174 2258 2225 neque
2311 2160 2481 2209 soleat

1406 2236 1618 2291 'Auctor
1635 2238 1851 2289 eandem
1870 2253 1977 2288 rem
1996 2237 2189 2287 iterare
2210 2253 2224 2297 ;
2242 2235 2479 2300 suspicer

1408 2305 1582 2370 'locum
1604 2318 1679 2370 ita
1696 2315 1974 2382 legendum
1991 2313 2212 2378 abjectis
2234 2313 2483 2364 interme·

1415 2395 1545 2446 diis:
1580 2411 1663 2445 nec
1684 2393 1971 2444 morabatur.
2038 2390 2203 2454 Igitur
2236 2389 2478 2453 Saguntos

1408 2461 1593 2523 'delecta
1612 2476 1701 2534 est,
1731 2474 1865 2520 velus
1900 2468 2151 2532 Hispania!
2171 2466 2362 2529 civitas,
2393 2469 2479 2530 ξε.

1412 2550 1584 2600 Porro
1604 2547 1734 2599 illud
1754 2553 1885 2597 vetus
1906 2557 2008 2595 non
2042 2551 2124 2594 est
2147 2543 2475 2606 mutandum,

1415 2625 1512 2678 sed
1535 2624 1708 2691 potius
1729 2621 2012 2675 Jornaudis
2044 2622 2166 2670 velut
2194 2619 2478 2670 reforman-

1417 2701 1541 2753 dum
1557 2702 1608 2750 in
1622 2705 1778 2751 vetas.-
1795 2696 2215 2763 frequentissime
2234 2695 2371 2746 enim
2388 2695 2480 2747 illa

1415 2794 1522 2830 vox
1560 2778 1775 2828 alterius
1800 2776 1941 2826 vices
1965 2773 2125 2836 subit,
2157 2771 2479 2836 negligentia

1417 2855 1760 2906 librariorum.
1797 2852 1942 2902 Grut.
2008 2848 2146 2899 Illud
2170 2849 2294 2898 velat
2318 2847 2478 2898 etiam

1419 2938 1640 2998 propter
1694 2926 1983 2994 sequentia,
2035 2926 2050 2953 ‘
2076 2922 2304 2988 fideique
2354 2937 2482 2987 erga

1418 3004 1713 3072 Romanos,'
1738 3008 1836 3054 διο.
1872 3003 2042 3052 locum
2081 2999 2216 3050 tueri
2253 3013 2356 3049 non
2390 3014 2483 3063 po-

1731 3082 1792 3131 Ia
1838 3093 2049 3130 comam
2087 3077 2195 3128 beni
2239 3077 2485 3139 Sagunto

1417 3158 1716 3223 delectam]
1741 3157 1898 3208 ‘Haec
1937 3164 2022 3207 est
2059 3153 2220 3206 lectio
2261 3155 2391 3207 Naz.
2429 3162 2487 3205 et

1419 3238 1590 3304 Ryck.
1609 3250 1761 3302 quam
1786 3233 1973 3284 merito
1996 3230 2188 3297 probat
2219 3230 2246 3280 ὅ
2274 3227 2414 3296 πάνυ,
2429 3239 2487 3281 et

1419 3315 1574 3367 Anna
1595 3311 1920 3379 politissima.
1987 3309 2124 3359 Nam
2147 3308 2191 3358 si
2218 3306 2373 3357 deleta
2411 3307 2490 3357 le-

1408 3387 1622 3464 gamus,
1673 3388 1810 3458 quod
1853 3388 1909 3437 in
1962 3386 2182 3450 vulgatis
2225 3383 2485 3447 omnibus,

1420 3467 1771 3535 prmterquam
1790 3461 2068 3514 novissima
2087 3458 2488 3512 Parisiensiedi-

1422 3546 1584 3609 tione,
1615 3536 2008 3600 circumfertur,
2052 3537 2131 3587 bis
2170 3536 2307 3586 idem
2352 3534 2488 3585 dixit

1420 3623 1625 3674 Florus.
1661 3616 1911 3683 Sequitur
1934 3614 2070 3664 enim
2085 3610 2278 3676 statim,
2296 3612 2312 3640 ‘
2329 3624 2487 3677 quam

1412 3687 1475 3751 ⁴in
1510 3698 1811 3749 libertatem
1855 3687 2113 3741 communi
2157 3684 2356 3736 foedere
2399 3699 2491 3735 ex-

1423 3780 1633 3840 ceptam
1687 3765 1933 3824 Annibal,
1989 3775 2194 3814 canssas
2239 3774 2486 3811 novorum

1412 3851 1656 3904 'motuum
1679 3856 1939 3913 quaerens,
1959 3850 2017 3890 et
2051 3837 2155 3890 suis
2178 3842 2237 3887 et
2257 3836 2488 3901 ipsorum

1423 3925 1686 3981 manibus‘
1714 3916 1935 3973 evertit!
2014 3914 2302 3971 Quaerebat
2342 3927 2490 3965 caus·

1414 3995 1537 4059 'sam
1559 4003 1686 4056 belli
1703 3998 1987 4052 Hannibal.
2032 3994 2186 4045 Hanc
2207 3991 2385 4043 urbem
2403 3991 2491 4042 de-

1425 4082 1555 4148 legit
1607 4087 1666 4132 ut
1711 4089 1942 4131 caussam
1985 4070 2260 4122 inveniret.
2320 4068 2487 4118 Groev.

1430 4161 1588 4210 Cam
1608 4155 1733 4220 belli,
1768 4150 1905 4219 quod
1930 4148 2086 4200 Grut.
2110 4143 2376 4211 placebat,
2407 4150 2490 4194 est

1426 4237 1482 4288 in
1504 4235 1653 4285 Voss.
1676 4234 1726 4280 8.
1794 4227 1855 4278 In
1892 4239 2078 4276 camus
2111 4221 2309 4272 babent
2348 4219 2490 4271 Flor.

1423 4314 1560 4379 Reg.
1603 4309 1674 4378 Q,
1729 4304 1882 4372 Pigb.
1921 4300 2071 4355 Jord.
2111 4305 2166 4351 et
2207 4298 2359 4349 Frec.
2412 4295 2489 4370 ,In
