2950 4892
729 360 798 407 ι..
846 358 1106 408 ,sm-tm!
1157 358 1378 408 nom
1430 359 1575 407 mn.
1623 359 1670 407 1.
1717 362 1880 410 car.
1925 345 2029 410 18.

2279 329 2282 334 ¹
2356 345 2486 412 567

273 500 325 552 ia
347 500 567 566 primam
590 501 759 553 aciem
774 501 1022 567 producti
1038 507 1214 552 essent
1237 501 1342 554 ele-
1416 499 1534 566 glt?
1597 501 1793 553 Tamen
1816 502 2047 553 nonnihil
2071 502 2275 565 dubito,
2289 518 2353 554 an
2371 505 2488 557 Flo-

274 578 451 643 phanti
471 582 711 630 conversi
734 580 788 630 in
815 579 1171 644 spectaculum
1194 578 1340 629 belli.

273 652 353 706 Aa
367 655 632 720 quodnam
648 656 840 706 bellum
857 655 1199 720 spectandum
1219 670 1339 706 con-

273 731 619 796 vertebantur
635 734 924 797 elephanti,
940 740 996 783 et
1010 733 1253 799 quidnam
1270 733 1338 785 ad

270 808 541 860 victoriam
604 810 856 861 Romanis
925 809 1338 875 extorquendam

269 885 613 937 conferebant
667 886 932 952 elephanti
999 886 1192 937 bellum
1246 902 1337 938 seu

271 976 494 1026 pugnam
548 964 849 1014 intuentes?
912 964 1050 1014 Nam
1103 964 1203 1014 hoc
1256 972 1337 1015 est

264 1038 282 1066 ‘
302 1039 535 1088 converti
575 1039 633 1089 in
671 1040 1033 1104 spectaculum
1049 1038 1066 1061 ³
1116 1041 1335 1105 alicujus

268 1114 359 1178 rei,
379 1129 435 1165 se
452 1123 774 1166 convertere
789 1116 857 1165 ad
875 1115 1069 1181 aliquid
1092 1123 1336 1180 spectan-

267 1188 398 1240 dam.
464 1192 662 1242 Nullus
684 1192 815 1242 alius
832 1207 1011 1243 seusus
1034 1207 1098 1242 ex
1122 1194 1203 1242 his
1221 1208 1333 1244 ver·

266 1266 339 1317 h'u
356 1275 531 1331 potest
552 1270 753 1333 colligi.
820 1269 1030 1319 Dudum
1046 1270 1335 1335 Gronovio,

264 1356 321 1395 ut
337 1354 452 1397 erat
487 1357 759 1399 emuncto
797 1349 937 1398 naris
964 1349 1065 1412 vir,
1103 1350 1333 1401 suboluit

261 1422 389 1474 huuc
412 1426 583 1475 locum
608 1441 728 1476 esse
764 1426 1084 1492 mendosum,
1116 1437 1190 1493 et,
1227 1444 1331 1494 qua

263 1507 374 1552 erat
393 1502 525 1553 mira
560 1503 617 1553 in
655 1503 958 1567 depravatis
995 1505 1331 1556 restituendis

262 1577 503 1641 sollertia,
560 1579 641 1630 sic
688 1579 1100 1632 emendandum:
1154 1583 1331 1633 Actum

262 1806 515 1859 vicissent
536 1809 784 1871 Romani,
800 1810 899 1860 uisi
921 1811 1184 1876 elephanti
1206 1827 1324 1876 pro·

262 1885 554 1948 eurriaseut,
593 1893 655 1936 et
680 1887 938 1936 Romanos
962 1888 1323 1952 magnitudine

258 1971 346 2008 sua
377 1960 453 2011 sic
488 1962 870 2036 perculissent,
908 1970 969 2013 ut
1003 1963 1198 2016 bellum
1229 1980 1322 2016 seu

259 2037 481 2099 pralium
518 2047 928 2090 converteretur
959 2041 1014 2091 iu
1050 2049 1323 2105 spectacu-

261 2112 373 2178 lum,
413 2123 475 2165 ut
508 2117 848 2168 immemores
886 2131 1077 2182 pugno
1114 2126 1322 2182 specta-

258 2195 390 2240 tores
409 2198 581 2243 essem
602 2192 890 2244 invisarum
910 2201 1072 2244 antea
1091 2194 1190 2245 sibi
1216 2195 1320 2245 bel-

255 2264 445 2318 luarum
467 2276 576 2320 tam
607 2264 1039 2322 monstrosarum.
1105 2271 1323 2324 Interea

259 2340 370 2392 duan
390 2342 582 2396 bellum
602 2345 664 2396 iu
706 2348 1068 2410 spectaculum
1101 2363 1319 2400 conver-

258 2418 394 2483 titur,
414 2420 645 2474 Romani
671 2423 739 2473 ab
769 2425 1005 2488 Epirotis
1027 2426 1316 2479 ceduntur.

257 2493 365 2548 Hoc
385 2513 486 2549 non
509 2500 791 2565 Gronovii,
827 2502 923 2552 sed
954 2504 1117 2568 ipsius
1138 2505 1317 2571 Pythii

256 2580 331 2623 est
350 2588 673 2641 responsum.
698 2579 865 2629 Grau.
915 2579 1003 2630 Ita
1024 2581 1318 2634 Gronovius

254 2660 314 2701 ιι.
333 2651 458 2705 Oba.
475 2659 560 2707 26.
596 2671 628 2706 e
652 2654 806 2708 Jord.
831 2658 1037 2722 opinor,
1056 2674 1142 2724 ap.
1162 2675 1316 2727 quem

261 2731 461 2791 tatwini
478 2734 727 2798 elephanti
747 2750 965 2786 meras
978 2736 1034 2786 ίιι
1052 2740 1317 2802 spectacula

252 2808 579 2867 mrissent
598 2812 745 2862 bello.
811 2813 884 2863 Et
916 2813 993 2864 sic
1030 2814 1156 2866 Ald.
1193 2831 1315 2867 con·

257 2885 332 2931 tra
350 2898 448 2936 orn.
464 2901 538 2938 sc.
560 2895 620 2939 et
635 2889 767 2939 alias
785 2889 909 2941 edd.
975 2891 1191 2943 Certum
1214 2900 1315 2958 est,

258 2964 453 3012 merri
484 2967 549 3014 acl
584 2967 903 3030 spectaculum
937 2982 971 3017 a
1012 2968 1210 3021 Latinis
1248 2985 1313 3021 ea

258 3036 615 3099 significatione
639 3042 766 3106 dici,
802 3058 959 3109 quam
987 3044 1073 3094 hic
1096 3044 1315 3098 adnotat

258 3110 497 3170 Graevius.
535 3119 659 3170 Liv.
694 3132 861 3171 xxvi.
899 3126 951 3172 6.
995 3121 1012 3149 ‘
1036 3121 1312 3174 Sublatam

257 3188 353 3240 alte
373 3192 573 3256 signum
592 3201 934 3248 converterat
953 3196 1018 3246 ad
1039 3203 1310 3262 spectacu-

257 3264 351 3316 lam
368 3270 508 3321 cives
525 3271 843 3337 hostesque!
919 3273 1004 3324 ld.
1028 3286 1203 3325 ιιιν.
1224 3280 1311 3327 61.

255 3340 272 3367 ⁴
294 3341 369 3393 Ad
386 3350 689 3410 spectacula
706 3349 889 3414 templi
908 3349 1116 3416 lucique
1134 3352 1307 3402 versi!

259 3417 324 3469 Et
351 3423 530 3474 eadem
562 3424 945 3490 significatione
965 3440 1098 3477 voce
1124 3432 1307 3492 σμασ-

256 3496 397 3548 nlu-
410 3499 763 3565 adjmgunmr
778 3502 880 3553 alia
894 3502 1072 3553 verba.
1087 3504 1306 3558 Petron.

257 3582 363 3636 up
378 3587 495 3627 cn.
526 3578 542 3606 ‘
566 3577 647 3628 Ut
661 3578 945 3629 vicinarum
961 3593 1164 3646 quoque
1182 3595 1307 3645 geu·

258 3645 373 3701 uum
413 3649 652 3705 foeminas
693 3653 761 3705 ad
813 3656 892 3705 sui
948 3659 1304 3722 spectaculum

260 3729 521 3779 evocaret!
622 3732 695 3783 Et
746 3732 943 3785 Justiu.
998 3745 1197 3785 xxxiv.
1250 3735 1301 3784 2.

256 3797 273 3825 ⁴
291 3798 539 3869 conjuges
556 3805 851 3872 liberosque
868 3822 987 3859 suos
1009 3809 1075 3858 ad
1097 3815 1305 3873 specta·

258 3878 414 3928 calum
435 3882 738 3934 certaminis
754 3883 810 3932 in
831 3883 1095 3934 montibus
1116 3899 1303 3949 posue-

258 3954 399 4006 ruat:
460 3957 534 4009 Et
567 3957 701 4009 facit
732 3974 828 4025 pro
864 3960 1302 4026 interpretatione

258 4026 491 4083 Gronovli
507 4035 649 4086 locas
660 4036 697 4089 J
701 4036 861 4087 ustini
874 4049 1040 4091 xvui.
1057 4044 1106 4091 1.
1117 4038 1185 4090 de
1199 4039 1301 4090 hoc

256 4108 455 4169 prelio:
486 4113 503 4141 ⁴
530 4113 789 4165 Romanos
811 4114 1078 4166 vincentes
1090 4116 1201 4182 jam
1221 4117 1301 4167 in-

258 4183 430 4237 aaut·
444 4194 567 4239 ante
587 4189 982 4255 elephantorum
1002 4192 1174 4243 forma
1192 4201 1302 4244 stu-

260 4272 394 4328 pere,
412 4266 596 4330 priato,
616 4281 741 4320 mox
758 4267 951 4322 cedere
979 4269 1164 4337 prelio
1179 4270 1300 4322 coe-

1414 591 1504 628 rus
1535 579 1552 608 ⁶
1575 579 1932 647 spectaculum
1971 578 2121 630 belli'
2157 580 2352 631 dixerit
2387 596 2483 646 pro

1415 656 1615 719 praalio.
1682 655 1769 707 Ita
1791 666 1938 706 certe
1963 658 2205 723 loquutus
2230 666 2311 709 est
2340 674 2484 724 supr.

1414 746 1462 782 c.
1485 735 1568 784 ιι.“
1596 733 1613 763 ‘
1639 734 1720 783 Ea
1758 733 1980 798 denique
2023 734 2274 785 atrocitas
2314 736 2482 801 proelii

1411 806 1529 872 fuit,
1571 815 1632 860 ut
1668 809 1965 861 interfuisse
1999 813 2298 876 spectaculo
2340 812 2482 862 Deos

1410 885 1552 938 fama
1573 886 1852 937 tradiderit
1871 887 1905 938 :'
1940 887 2028 937 uhi
2060 889 2374 952 spectaculum
2405 889 2481 938 ni-

1409 962 1481 1012 hil
1505 962 1647 1013 aliud
1671 970 1852 1028 potest
1876 978 2010 1028 esse,
2046 978 2198 1029 quam
2221 963 2476 1027 praelium.

1412 1039 1602 1105 Neque
1625 1040 1762 1089 enim
1790 1040 2037 1090 Castores
2059 1039 2134 1089 ihi
2157 1039 2305 1089 otiosi
2328 1054 2480 1104 spec·-

1409 1123 1610 1169 tatores
1632 1118 1881 1180 fuerunt3
1916 1118 2028 1184 aed,
2046 1124 2107 1168 ut
2128 1118 2369 1184 plerique
2391 1131 2480 1168 ve·

1409 1202 1579 1244 terum
1625 1202 1860 1257 narrant,
1906 1194 2073 1244 hastis
2118 1209 2212 1244 ora
2252 1194 2476 1245 hostium

1405 1269 1668 1328 fodientes
1713 1286 1803 1322 eos
1849 1272 1904 1321 in
1959 1270 2136 1337 fugam
2183 1278 2475 1322 verterunt.

1404 1347 1419 1373 ⁸
1435 1347 1808 1412 Spectaculum
1827 1348 2027 1413 praelii'
2047 1356 2221 1398 autem
2238 1348 2363 1413 quid
2383 1348 2472 1411 sit,

1403 1423 1627 1489 intelligi
1654 1431 1832 1488 potest
1854 1438 1884 1473 e
1908 1424 2036 1474 Sall.
2055 1423 2177 1487 Jug.
2195 1437 2269 1473 cr.
2302 1426 2317 1451 ‘
2340 1423 2472 1472 Tum

1402 1505 1760 1568 spectaculum
1801 1503 2047 1554 horribile
2083 1503 2135 1552 in
2160 1503 2357 1566 campis
2382 1517 2474 1566 pa-

1403 1581 1658 1642 tentibus,
1693 1581 1858 1646 sequi,
1894 1578 2097 1645 fugere,
2119 1578 2309 1642 occidi,
2330 1579 2471 1643 capi,

1399 1656 1521 1721 equi
1573 1664 1732 1721 atque
1775 1656 1871 1706 viri
1927 1653 2469 1719 adflicti....postremo

1308 1753 1322 1786 z
1400 1734 1589 1798 omnia,
1612 1749 1716 1799 qua
1733 1733 1874 1784 visus
1892 1739 2027 1796 erat,
2041 1738 2308 1782 constrata
2331 1726 2473 1795 telis,

1399 1809 1575 1873 armis,
1596 1809 1957 1873 cadaveribus,
1975 1818 2030 1859 et
2048 1809 2189 1858 iuter
2206 1822 2268 1858 ea
2284 1808 2468 1858 humus

1395 1884 1596 1937 infecta
1627 1885 1911 1952 sanguine!
1972 1885 2166 1936 Similis
2204 1891 2284 1935 est
2322 1885 2468 1935 locus

1398 1961 1526 2013 Tac.
1549 1961 1678 2026 Agr.
1698 1975 1921 2013 xxxvii.
1963 1976 2119 2027 quem
2150 1968 2208 2011 et
2239 1960 2305 2011 ad
2341 1961 2466 2012 Sall.

1396 2038 1617 2090 adnotat
1632 2040 1801 2089 Wass.
1832 2039 1852 2066 ‘
1867 2039 2001 2089 Tum
2017 2051 2143 2087 vero
2165 2037 2467 2101 patentibus

1394 2116 1523 2167 locis
1562 2117 1755 2183 grande
1788 2124 1845 2167 et
1878 2122 2031 2167 atrox
2067 2114 2462 2181 spectaculum:

1393 2193 1560 2258 sequi,
1597 2193 1884 2257 vulnerare,
1920 2205 2134 2257 capere,
2167 2197 2330 2257 atque
2351 2205 2463 2240 cos·

1393 2269 1512 2320 dem
1529 2269 1719 2321 oblatis
1730 2270 1843 2321 aliis
1862 2268 2157 2320 trucidare.'
2190 2268 2277 2319 Ita
2299 2270 2315 2298 ‘
2336 2282 2461 2318 con-

1390 2347 1532 2397 versi
1546 2347 1598 2397 in
1614 2348 1964 2412 spectaculum
1984 2346 2111 2397 belli
2125 2345 2141 2369 '
2164 2352 2321 2409 esset,
2338 2359 2461 2395 con-

1391 2423 1528 2473 versi
1549 2423 1603 2472 in
1621 2423 1879 2488 praelium,
1898 2422 2045 2486 cujus
2063 2413 2316 2472 atrocitas
2338 2421 2461 2471 lior-

1389 2500 1544 2551 ribile
1598 2500 1872 2564 praebebat
1925 2500 2301 2563 spectaculum.
2385 2499 2462 2549 Et

1388 2575 1628 2627 fortassis
1662 2576 1847 2626 Florus
1878 2577 1894 2603 ‘
1917 2576 2277 2640 spectaculum
2311 2574 2465 2625 belli'

1390 2651 1583 2702 dixerit
1605 2666 1702 2717 pro
1725 2651 1925 2717 praelio,
1959 2658 2021 2700 ut
2043 2650 2298 2700 Horatius
2324 2649 2462 2700 bella

1389 2740 1445 2783 et
1468 2732 1650 2798 praelia
1666 2733 1826 2781 ludina
1847 2730 2028 2780 illm-tis
2042 2735 2199 2778 vocat
2217 2742 2257 2779 1.
2282 2730 2456 2779 Carni.

1388 2813 1438 2861 ἲ.
1451 2814 1536 2860 87.
1568 2811 1584 2835 ⁴
1607 2808 1728 2858 Heu
1744 2806 1894 2857 nimis
1908 2806 2064 2870 longo
2080 2805 2270 2855 satiate
2288 2804 2409 2854 ludo
2424 2804 2458 2868 ;’

1387 2894 1444 2935 et
1460 2884 1528 2935 de
1545 2883 1625 2946 iis,
1639 2883 1727 2952 qui
1743 2884 1794 2933 iu
1814 2881 1993 2947 prelio
2010 2879 2206 2931 cadunt
2222 2894 2262 2930 1.
2282 2881 2458 2933 Carm.

1384 2966 1470 3013 28.
1496 2966 1576 3011 17.
1610 2962 1626 2990 ‘
1645 2960 1789 3009 Dant
1810 2959 1937 3009 alios
1955 2957 2126 3007 Furiae
2148 2963 2298 3005 torvo
2312 2969 2460 3019 apec-

1385 3038 1562 3089 tacula
1576 3035 1779 3087 Marti.'
1842 3034 2114 3084 Preterea
2133 3032 2233 3082 lioc
2251 3043 2460 3097 quoque

1384 3114 1595 3165 obstare
1611 3113 1820 3163 videtur
1839 3111 2153 3176 conjecturae
2174 3109 2452 3172 Gronovii,

1382 3190 1540 3257 quod,
1578 3191 1624 3241 si
1646 3191 1787 3254 legas
1805 3202 2021 3238 mseras
2054 3187 2110 3236 t‘a
2142 3187 2457 3250 spectaculum

1383 3268 1522 3332 beno,
1543 3267 1726 3318 Florus
1750 3265 1882 3316 dicit
1902 3264 2209 3328 elephantos
2230 3269 2340 3312 tum
2363 3262 2455 3313 de-

1381 3358 1521 3396 mum
1547 3342 1886 3406 procurrisse,
1922 3345 2203 3405 postquam⁴
2230 3338 2450 3388 Romani

1384 3423 1450 3471 ad
1471 3434 1652 3471 eorum
1687 3417 2041 3482 spectaculum
2068 3415 2178 3480 jam
2215 3415 2454 3466 conversi

1379 3503 1548 3547 erant.
1604 3494 1711 3546 Sed
1728 3494 1828 3544 hoc
1845 3491 1961 3543 fleri
1975 3506 2077 3542 non
2090 3490 2264 3556 potuit
2282 3507 2297 3540 ι
2330 3504 2452 3541 nam

1380 3574 1526 3639 prius
1548 3584 1858 3638 procurrere
1879 3568 2177 3618 debuerunt
2206 3565 2451 3632 elephan-

1382 3649 1442 3715 ti,
1473 3663 1627 3716 quam
1659 3645 1880 3698 Romani
1911 3643 1981 3694 ad
2015 3657 2105 3694 eos
2134 3643 2450 3707 spectandos

1379 3726 1620 3778 converti
1656 3723 1941 3789 potuerint.
2008 3720 2065 3771 si
2107 3719 2222 3769 haic
2261 3717 2453 3771 fuisset

1378 3820 1524 3858 mens
1562 3805 1719 3869 Flori,
1762 3800 2031 3853 debuisset
2074 3797 2323 3863 scribere,
2351 3800 2454 3850 alsi

1376 3882 1640 3954 elephantis
1650 3875 2038 3944 procurrentibus
2058 3875 2298 3925 belluinis
2318 3890 2450 3940 spee-

1376 3960 1586 4010 taeulum
1597 3952 2068 4014 σοκυσνσιιιιιίκίσσα.
2101 3952 2447 4016 conjectura

1375 4038 1536 4092 Tollii
1558 4036 1777 4089 Fortuit.
1802 4050 1848 4086 c.
1873 4045 2031 4084 xxvi.
2100 4030 2217 4082 Nisi
2252 4045 2447 4081 eonver-
2483 4059 2486 4062 -
