2950 4892
700 316 1073 370 mat-mm
1124 293 1546 372 ηοιιιιιιι.
1594 321 1678 371 ιι.
1726 323 1890 372 cAr.
1931 308 1999 374 5.

286 458 477 514 Luctum
519 459 895 511 Coruncanios’
936 461 1126 528 Polyb.
1169 467 1220 515 2.
1261 468 1311 517 8.

273 537 443 588 ἰοσιιτ
472 535 751 587 ‘Publium
788 537 1003 590 Junium
1044 547 1101 590 et
1136 540 1310 594 Titum

280 614 654 668 Coruncanium'
673 616 813 668 Plin.
835 622 916 670 34.
940 623 991 670 6.
1028 618 1314 687 Appianas,

274 687 483 756 Illyrico,
519 687 664 742 nnius
718 694 736 722 ‘
759 693 1095 747 Coruncanii’
1134 698 1313 748 memi-

274 766 360 820 nit.
419 767 580 820 Porro
616 775 675 820 et
709 770 777 822 de
813 786 1030 824 numero
1063 773 1311 828 interfec-

277 852 423 897 torum
445 849 795 900 controversia
827 859 939 916 est;
972 850 1148 904 Plinio
1181 853 1312 906 duos

270 919 387 987 illos,
426 933 636 989 quorum
692 939 879 977 nomen
936 926 1312 995 adnotavimus,

271 1001 445 1051 occisos
464 1001 772 1066 adserente,
757 1021 772 1035 ·
808 1004 921 1055 aliis
953 1013 1124 1057 autem
1163 1009 1311 1059 abso·

268 1073 363 1127 late
403 1078 598 1143 legatos
642 1079 952 1133 interfectos
994 1079 1313 1150 dicentibus,

269 1166 459 1205 numero
475 1171 574 1205 non
598 1156 801 1222 addito,
816 1174 945 1224 quos
963 1160 1101 1211 inter
1118 1161 1311 1227 Livius,

268 1223 398 1300 Epit.
418 1235 497 1282 20.
539 1235 700 1285 Oros.
730 1238 783 1300 4,
808 1239 886 1287 13.
937 1237 1161 1303 Eutrop.
1183 1243 1235 1302 3,
1258 1244 1306 1291 1.

264 1301 494 1375 Polybius
508 1311 760 1362 minorem
781 1319 909 1364 natu
926 1313 1308 1368 Coruncanium

267 1389 463 1438 occisum
508 1390 604 1452 ait,
667 1390 803 1458 quod
847 1391 1060 1443 liberius
1106 1395 1309 1445 locutus

262 1454 400 1516 esset.
460 1465 757 1532 Appiauus,
794 1468 1120 1520 Coruncanio
1154 1486 1309 1540 caeso,

266 1547 445 1591 ceteros
487 1543 585 1593 sibi
627 1559 810 1594 manus
855 1544 1112 1610 intulisse,
1148 1545 1307 1613 idque

262 1605 365 1666 'vivo
385 1620 666 1670 etiamnum
698 1619 910 1686 Agrone
930 1621 1183 1674 Teutanoe
1206 1639 1310 1674 ma-

266 1692 353 1742 rito
373 1693 577 1748 factum.
626 1696 705 1747 ld.

316 1772 430 1822 ὄπι-ο
462 1772 687 1838 agentes]
738 1774 868 1828 Jure
912 1775 1147 1840 gentium
1189 1792 1310 1843 que-

263 1856 418 1899 rentes
452 1851 515 1900 de
537 1851 746 1917 injuriis
770 1849 946 1915 illatis,
986 1849 1227 1904 Freinsb.'
1255 1855 1308 1905 in

261 1923 365 1977 Iud.
393 1923 525 1979 Add.
545 1928 675 1980 Jac.
695 1925 858 1978 Gron.
875 1925 940 1980 ad
958 1931 1071 1982 Liv.
1089 1943 1207 1983 xxi.
1228 1937 1308 1983 10.

319 2003 411 2055 Nec
423 2006 582 2070 gladio
606 2007 825 2072 quidem]
860 2007 974 2062 Pal.
996 2013 1044 2061 1.
1082 2024 1145 2061 ac
1167 2015 1218 2063 2.
1250 2027 1312 2062 ne

260 2080 374 2143 glad.
393 2084 516 2148 qaid.
534 2083 723 2150 (quum
740 2085 1016 2138 lectionem
1031 2081 1311 2140 Salmasius

262 2155 545 2224 praefero&
560 2173 692 2211 cum
714 2162 1130 2228 vulgatissentit.
1158 2165 1308 2217 Grut.

266 2225 405 2285 ‘Nec
437 2236 675 2302 quidem’
721 2239 859 2304 apud
908 2231 1311 2306 quamplurimos

264 2308 530 2382 Scriptores
551 2315 767 2380 legitur
791 2316 931 2369 Flor.
942 2332 1005 2371 ιι.
1026 2311 1105 2369 17.
1124 2323 1174 2369 3.
1199 2318 1309 2370 Cic.

264 2400 347 2452 pro
379 2389 531 2443 Arch.
559 2407 615 2445 v.
638 2400 701 2443 et
723 2406 817 2444 ιιι.
859 2392 967 2445 Off.
987 2398 1069 2446 29.
1112 2389 1308 2450 Jttstin.

258 2465 348 2516 ιιι.
366 2471 411 2519 5.
443 2477 499 2521 et
528 2484 788 2524 xxxviii.
809 2465 867 2523 4.’
891 2472 954 2524 In
978 2473 1185 2537 Fragm.
1213 2471 1309 2526 Ca-

260 2539 379 2616 tonis
397 2560 459 2597 ex
482 2545 639 2600 Orat.
675 2547 733 2598 iu
756 2547 1035 2598 'Thermum
1057 2548 1123 2599 de
1146 2550 1308 2600 virtu·

261 2615 343 2671 tib.
362 2622 477 2675 suis.
496 2621 719 2676 Terent.
744 2625 876 2675 Eun.
901 2631 975 2678 rv'.
998 2629 1048 2675 4.
1078 2629 1157 2677 14.
1176 2627 1309 2677 Caes.

260 2695 370 2746 LB.
389 2698 454 2751 G.
475 2703 558 2752 32.
575 2701 702 2751 Val.
719 2700 798 2751 M.
814 2714 901 2751 ιιι.
925 2705 973 2752 2.
997 2709 1106 2753 ext.
1122 2703 1172 2752 6.
1195 2703 1308 2754 Liv-

261 2778 538 2825 xxv11.18.
580 2789 796 2828 xxv.m
827 2779 910 2828 27.
950 2791 1112 2830 xxix.
1137 2783 1217 2831 12.
1255 2785 1310 2829 et

260 2858 397 2898 xm·
416 2853 497 2902 st.
530 2851 739 2902 Colum.
763 2866 827 2902 11.
848 2856 928 2902 18.
960 2860 1017 2903 et
1047 2869 1132 2918 ap.
1156 2855 1306 2905 Curt.

260 2928 309 2972 et
335 2924 471 2976 Suet.
491 2941 673 2993 saepe.
710 2928 800 2978 sed
821 2925 1050 2980 Gronov.
1076 2927 1141 2978 ad
1160 2927 1305 2980 Suet.

253 2998 355 3053 m.
395 3019 488 3057 xv.
525 3004 597 3057 ad
642 3005 762 3056 Liv.
797 3006 853 3055 ll.
891 3005 979 3056 dd.
1023 3013 1079 3056 et
1116 3006 1308 3058 Justin.

257 3089 481 3135 xxxvm.
500 3087 551 3134 4.
580 3082 826 3133 omnibus
860 3082 989 3133 locis
1022 3082 1166 3133 Suet.
1192 3083 1306 3134 Liv.

257 3149 379 3210 Plor.
418 3166 472 3210 et
492 3159 701 3212 Justiui
735 3159 1012 3223 legendum
1050 3167 1227 3210 censet
1251 3175 1308 3211 ne

255 3231 438 3295 quiden.
506 3237 627 3287 Nec
652 3233 863 3297 dubito,
884 3235 1006 3301 quin
1032 3235 1169 3285 idem
1194 3251 1308 3286 sen·

257 3309 369 3359 serit
387 3310 450 3362 de
472 3312 705 3362 omnium
730 3310 946 3361 aliorum
982 3310 1306 3375 Scriptorum

252 3377 384 3450 locis,
419 3387 471 3438 in
506 3388 701 3455 quibus
739 3391 821 3437 est
858 3403 944 3437 nec
977 3386 1187 3452 quidem,
1224 3388 1308 3436 vel

256 3472 381 3524 ⁸⁶11·oe
405 3465 621 3528 quidem,
644 3479 742 3529 pro
778 3478 838 3513 ne
868 3463 1071 3528 quidem.
1138 3459 1308 3513 Valde

257 3538 510 3591 confirmat
541 3541 861 3591 sententiam
884 3539 1039 3602 illius
1078 3537 1215 3604 quod
1256 3537 1307 3588 in

257 3613 494 3682 plerisque
516 3617 667 3669 libris
685 3617 853 3670 variat
875 3618 1153 3682 scriptura.
1221 3615 1311 3667 Ita

252 3683 301 3737 in
319 3690 548 3744 Suetonii
580 3693 787 3762 scripto
819 3691 979 3745 Salm.
1018 3693 1213 3759 ubique
1251 3710 1310 3746 ne

250 3759 419 3836 quiden
440 3771 571 3836 legi,
607 3786 708 3836 pro
728 3787 814 3822 nec
836 3771 1045 3836 quidm,
1085 3776 1309 3822 testatur

255 3840 417 3895 Graetr.
435 3846 557 3897 adl.
576 3847 634 3897 d.
653 3847 800 3899 Suet.
830 3847 1085 3898 Similiter
1104 3849 1309 3899 variant

250 3913 360 3982 libri
381 3922 548 3973 Curtii
589 3922 709 3973 fere
731 3923 977 3974 omuibus
1008 3924 1157 3988 locis,
1194 3940 1308 3991 quae

248 3994 350 4047 'vid.
371 3997 423 4047 in
444 3997 565 4054 ind.
588 3999 828 4051 Freinsh.
852 4015 902 4052 v.
928 4001 1023 4065 Ne,
1044 4005 1101 4052 et
1120 3997 1174 4050 in
1198 4000 1310 4052 Cic.

253 4082 335 4125 ιιι.
346 4072 450 4125 off.
468 4078 553 4127 29.
577 4074 645 4125 Ῑιι
660 4075 879 4127 Caesaris
893 4078 1158 4144 plerisque
1175 4077 1310 4129 Edd.

2317 311 2449 380 641

1386 463 1460 515 ibi
1499 472 1581 518 est
1621 466 1674 516 iu
1709 466 1844 519 Edd.
1878 467 2050 521 Paris.
2089 468 2191 521 An.
2216 474 2361 526 1525.
2393 479 2450 523 et

1386 541 1533 593 1574.
1566 542 1631 592 Iu
1651 543 1772 595 Val.
1810 545 1888 596 M.
1928 560 2134 612 quoque
2168 547 2313 599 Edit.
2349 547 2450 599 Ar·

1388 627 1530 686 gent.
1566 619 1668 672 An.
1698 625 1845 674 1524.
1882 630 1936 673 et
1972 623 2133 673 Basil.
2164 622 2267 676 An.
2300 629 2448 676 1533.

1382 693 1585 770 liabent
1605 715 1664 749 ne
1685 700 1886 764 quidem,
1926 706 1982 751 et
2001 700 2075 751 sic
2112 701 2166 751 iu
2198 701 2450 753 Terentio

1384 775 1521 827 liber
1565 775 1789 843 scriptus'
1844 775 2191 830 Bibliothecae
2231 779 2448 845 Trajec·

1387 853 1562 905 tensis.
1629 853 1876 906 Similiter
1893 869 1987 920 pro
2004 857 2300 921 mquidem,
2311 847 2450 922 quod

1382 930 1439 980 in
1462 929 1840 983 recentioribus
1882 930 2019 982 Edd.
2054 930 2194 983 Celsi
2228 931 2280 982 in
2316 946 2449 997 prte-

1381 1003 1477 1058 fat.
1501 1007 1614 1059 Lib.
1637 1009 1676 1058 ι.
1711 1009 1987 1076 aliquoties
2010 1008 2222 1073 legitur,
2244 1017 2446 1060 veteres

1382 1083 1577 1136 habent
1593 1101 1654 1135 ne
1672 1085 1876 1150 quidem.
1924 1086 2115 1151 Itaque
2133 1100 2248 1136 cum
2266 1086 2318 1135 in
2337 1086 2388 1136 h.
2411 1085 2446 1137 l.

1382 1159 1523 1212 Flori
1539 1164 1696 1214 etiam
1717 1163 1884 1228 Ryck.
1901 1163 2030 1228 Reg.
2052 1163 2265 1227 amor.
2286 1161 2451 1232 Magi.

1382 1237 1542 1289 Fran.
1564 1247 1619 1289 et
1635 1237 1787 1290 Jord.
1808 1239 2033 1290 habeant
2054 1256 2114 1290 ne
2127 1241 2334 1306 quidem,
2349 1256 2450 1291 non

1383 1314 1620 1365 dubitavi
1645 1314 1697 1365 id
1722 1330 1995 1380 reponere,
2016 1332 2110 1381 pro
2132 1333 2219 1367 nec
2239 1319 2447 1382 quidem.

1383 1392 1524 1444 Add.
1550 1393 1614 1443 ad
1637 1407 1727 1444 111.
1749 1396 1828 1444 10.
1855 1397 1933 1445 12.
1959 1400 2015 1444 et
2038 1408 2114 1445 xv.
2140 1399 2188 1444 2.
2213 1399 2263 1444 4.

1448 1469 1547 1520 Sed
1583 1474 1639 1519 ut
1683 1469 1919 1534 victimas,
1962 1471 2117 1520 securi
2154 1470 2449 1536 percutiunt]

1385 1546 1737 1611 ignominioso
1759 1548 1938 1598 mortis
1972 1561 2184 1612 genere.
2251 1546 2450 1612 Tangit

1384 1624 1438 1675 id
1477 1624 1589 1675 Liv.
1627 1628 1680 1676 7.
1720 1629 1803 1690 15,
1853 1627 1930 1675 10.
1982 1625 1998 1652 ‘
2022 1636 2222 1675 cccvii.
2257 1623 2449 1674 milites

1380 1698 1642 1752 ‘Romanos
1659 1708 1841 1767 captos
1856 1700 2252 1767 Tarquinienses
2274 1699 2452 1750 immo·

1383 1778 1583 1828 larunt:
1642 1793 1745 1844 qua
1784 1774 2028 1828 foeditate
2067 1775 2312 1841 supplicii
2359 1777 2451 1825 ali-

1383 1860 1576 1921 quanto
1611 1853 1890 1919 ignominia
1924 1852 2101 1918 populi
2126 1853 2278 1903 Rom.
2298 1852 2454 1918 insig-

1384 1931 1544 1982 nitior
1564 1929 1699 1982 fuit?
1766 1931 1929 1982 Plura
1952 1929 2175 1981 Casaub.
2211 1929 2276 1979 ad
2302 1921 2449 1981 Suet'.

1384 2007 1523 2073 Aug.
1565 1995 1647 2072 15¹,
1669 2012 1718 2059 2.
1749 2010 1766 2037 ‘
1791 2006 2094 2059 Hostiarum
2132 2020 2278 2056 more
2313 2021 2453 2056 mac-

1386 2091 1521 2135 tatos
1541 2084 1577 2138 ς’
1612 2100 1712 2150 quo
1737 2091 1911 2134 tamen
1933 2098 2036 2133 non
2061 2082 2294 2147 pertinet
2318 2081 2447 2132 illud

1385 2175 1451 2211 ex
1475 2157 1588 2211 Liv.
1612 2161 1698 2224 25,
1719 2161 1799 2219 16,
1818 2162 1898 2211 15.
1924 2162 2162 2211 citatum.
2197 2158 2452 2211 victimas

1385 2250 1542 2300 porro
1580 2236 1751 2287 securi
1786 2236 1992 2302 percuti
2033 2235 2233 2300 solitas,
2271 2236 2450 2286 multis

1385 2313 1644 2376 exemplis
1667 2312 1992 2364 demonstrat
2013 2311 2332 2376 Brissonius,
2349 2310 2453 2361 for-

1384 2389 1636 2439 mularum
1677 2383 1810 2441 libro
1848 2389 2035 2455 primo,
2085 2395 2141 2440 et
2177 2396 2297 2453 post
2332 2403 2451 2439 eum

1381 2465 1771 2529 OE'aubmannus,
1806 2466 1872 2516 ad
1916 2465 2065 2529 Virg.
2106 2464 2220 2516 AEn.
2251 2465 2303 2526 2,
2329 2465 2450 2516 224.

1384 2541 1698 2592 Foeditatem
1733 2549 1907 2592 autem
1939 2541 2089 2606 hujus
2123 2539 2364 2606 supplicii
2396 2540 2451 2589 iu

1384 2633 1542 2668 causa
1563 2607 1743 2680 fuisse,
1763 2625 1823 2669 ut
1845 2617 1896 2668 in
1921 2617 2160 2678 militem,
2184 2616 2270 2681 qui
2295 2613 2455 2681 Papi

1376 2689 1592 2745 nianum
1615 2694 1744 2744 mori
1759 2695 1982 2762 jussum,
2003 2708 2103 2744 non
2129 2692 2322 2757 gladio,
2356 2691 2449 2742 sed

1384 2772 1556 2822 securi
1582 2777 1934 2838 percusserat,
1969 2770 2310 2822 animadverti
2339 2769 2453 2834 jus-

1382 2849 1513 2899 serit
1539 2850 1858 2912 Caracallus,
1875 2864 1958 2913 ap.
1974 2847 2237 2914 Spartian.
2261 2861 2379 2912 cap.
2398 2850 2450 2898 4.

1383 2937 1440 2979 et
1472 2929 1728 2994 xiphilin.
1766 2927 2097 2980 consentiunt
2131 2921 2358 2977 Brlsson.
2397 2927 2453 2976 in

1381 3005 1601 3069 Lexico,
1639 3004 1948 3057 Getbofred.
1970 3004 2096 3055 adl.
2117 3007 2167 3064 8.
2207 3004 2252 3069 §.
2299 3008 2346 3056 1.
2382 2999 2451 3054 de

1383 3098 1524 3148 poen.
1565 3081 1788 3133 Casaub.
1824 3080 1876 3132 d.
1913 3079 2015 3131 loc.
2055 3087 2110 3132 et
2144 3079 2351 3145 Lipsius
2385 3080 2452 3132 ad

1380 3159 1507 3210 Tac.
1543 3163 1625 3221 15,
1660 3159 1745 3221 67,
1780 3163 1831 3208 7.
1881 3157 1971 3209 Fr.
2049 3156 2452 3224 Ignominiosius

1381 3236 1627 3303 supplicii
1662 3249 1824 3301 genus
1860 3231 2022 3288 fuisse
2057 3233 2229 3287 securi
2267 3248 2456 3298 percu·

1382 3315 1518 3377 tere,
1561 3327 1731 3394 quam
1752 3310 1926 3377 gladio
1966 3309 2149 3374 ferire,
2186 3309 2345 3380 etiam
2385 3307 2452 3359 P.

1381 3388 1554 3440 Faber
1598 3377 1832 3439 ostendit
1872 3400 1911 3438 1.
1945 3387 2192 3438 Semestr.
2233 3390 2281 3440 4.
2345 3386 2452 3436 Sed

1382 3463 1504 3528 quia
1525 3478 1588 3511 eo
1610 3465 1867 3527 temporje
1895 3462 1961 3512 de
1981 3477 2083 3528 quo
2101 3462 2185 3514 hic
2208 3461 2314 3532 agit
2337 3461 2456 3512 Flo·

1384 3539 1492 3604 rus,
1525 3538 1692 3589 adhuc
1717 3539 1961 3588 usitatum
1996 3539 2187 3589 eratin
2224 3537 2460 3602 Republ.

1380 3615 1534 3666 Rom.
1559 3623 1805 3667 nocentes
1837 3615 2007 3665 securi
2043 3620 2343 3678 percutere,
2381 3613 2459 3664 id·

1381 3707 1484 3759 que
1523 3708 1619 3757 pro
1657 3692 1824 3742 atroci
1862 3690 2118 3756 supplicio
2155 3705 2262 3740 non
2295 3690 2457 3741 liabe-

1382 3770 1556 3834 batur,
1585 3769 1682 3819 Vir
1719 3767 1982 3819 eruditiss.
2021 3766 2108 3818 Jo.
2147 3765 2347 3817 Schult.
2387 3763 2454 3815 ad

1383 3846 1600 3899 Quintil.
1617 3845 1770 3896 Deci.
1796 3858 1836 3895 1.
1853 3846 1935 3894 10.
1956 3842 2222 3894 existimat
2241 3841 2454 3894 Florum

1379 3924 1524 3990 loqui
1567 3938 1635 3974 ex
1691 3934 1835 3971 more
1888 3919 1966 3971 sui
2022 3913 2221 3971 saeculi.
2314 3921 2452 3971 Nam

1384 4014 1539 4065 poena
1562 3996 1720 4065 gladii
1754 3996 1961 4048 demum
2000 3995 2097 4047 sub
2119 3995 2452 4062 Principibus

1380 4077 1630 4128 Romanis
1658 4078 1711 4126 in
1736 4090 1882 4126 usum
1900 4075 2063 4138 venit,
2085 4087 2249 4140 eaque
2270 4073 2457 4139 levior,

252 4153 373 4200 vett.
392 4149 574 4202 itidem
597 4165 719 4204 esse
740 4168 801 4203 ιιι
820 4153 1010 4218 quidem
1034 4153 1312 4207 adnotavit
1383 4167 1483 4204 nec
1502 4161 1607 4203 tam
1621 4151 1962 4216 ignominiosa
1979 4149 2282 4214 suithabita,
2299 4161 2452 4215 quam

252 4219 439 4278 Brutus
459 4227 512 4278 in
547 4228 752 4280 Libello
774 4231 898 4281 Var.
922 4231 1071 4283 Lect.
1138 4231 1212 4282 Et
1234 4231 1307 4283 sic

372 4307 553 4377 Delph.
567 4313 617 4362 st
651 4303 764 4364 Ver.
783 4311 917 4366 Clas.

1303 4314 1438 4366 Hor.

1386 4228 1699 4298 supplicium
1722 4230 1940 4281 securis.
2007 4227 2314 4358 Perizoniug
2325 4240 2451 4292 qno·

2208 4310 2260 4357 3.
