2950 4892
719 364 797 435 ι..ι
834 360 1092 410 ANNAE1
1144 361 1363 410 nom
1415 363 1559 411 ms.
1610 364 1656 410 1.
1705 366 1868 413 cAP.
1915 349 2018 415 10.

286 505 515 559 dixerat:
548 507 792 571 primum,
823 510 837 535 ⁸
865 504 1166 556 ardentibus
1204 500 1341 554 focls'

287 582 449 645 injicit
488 583 757 644 manum3'
792 583 998 644 deinde,
1043 582 1060 608 ⁶
1085 588 1337 631 terrorem

286 659 507 722 geminat
544 659 699 710 dolo?
766 659 866 709 His
903 658 1006 708 duo
1045 657 1147 707 alia
1185 656 1341 719 subji-

284 734 372 795 cit,
389 750 502 799 qnae
522 735 939 801 praecedentibus
960 733 1336 798 respondeant2

286 810 456 873 priori,
487 813 502 839 ‘
524 813 602 861 Ut
623 812 780 874 scias',
817 825 969 874 quem
1007 809 1173 859 virum
1210 805 1339 858 effn-

284 887 468 951 gerisz’
498 888 643 954 quasi
666 889 841 938 dicat:
879 887 998 937 Hoc
1034 886 1153 936 ideo
1188 885 1342 949 facio,

282 969 340 1012 nt
361 964 515 1025 scias,
550 964 700 1029 cnjus
739 963 838 1013 viri
867 977 1048 1013 manus
1081 962 1337 1013 evaseris:

284 1039 577 1102 posteriori,
594 1042 609 1068 ‘
631 1040 781 1090 Idem
799 1040 1015 1090 trecenti
1025 1040 1329 1104 juravimus,
1329 1037 1345 1062 ’

284 1129 465 1179 nempe
508 1122 572 1166 nt
627 1122 789 1180 eaput
841 1123 984 1165 tuum
1029 1123 1344 1179 peteremus,

284 1205 381 1254 qno
426 1198 603 1242 terror
625 1190 788 1255 Regis
812 1191 1121 1256 augebatur.
1193 1191 1342 1242 Hanc

284 1265 675 1318 distinctionem
717 1274 965 1333 sequutus
1013 1283 1147 1329 uin,
1190 1280 1345 1331 qnam

281 1343 434 1395 etiam
456 1343 696 1409 Ryekius
719 1351 775 1394 et
796 1345 964 1395 Periz.
997 1344 1051 1395 in
1086 1344 1347 1408 exempla-

283 1421 418 1470 ribus
439 1422 548 1471 suis
573 1421 879 1484 probat-ant.

292 1544 299 1554 ,
344 1497 502 1553 Quum
523 1497 748 1560 interim]
782 1497 961 1547 Sidon.
991 1498 1163 1549 Carni.
1186 1503 1237 1548 5.
1273 1512 1346 1549 vs.

280 1577 357 1627 7⁷.
378 1573 395 1602 ‘
413 1574 547 1624 Cum
572 1575 714 1625 forte
732 1574 939 1623 satelles
954 1574 1209 1636 Palleret‚
1227 1588 1347 1623 con-

284 1657 453 1702 stante
475 1665 593 1713 reo,
634 1657 997 1715 tormentaque
1033 1650 1175 1713 eapti
1194 1650 1248 1700 Is
1267 1648 1348 1698 fu·

285 1735 442 1790 geret,
474 1727 567 1789 qui
613 1734 789 1776 tortor
827 1725 973 1776 erat-⁹
1037 1725 1192 1776 Adde
1223 1726 1348 1776 Seu.

286 1801 449 1866 Epist.
469 1806 555 1854 24.
597 1802 683 1852 Fr.

350 1878 594 1943 finum
616 1892 785 1927 mus
809 1876 960 1941 Regis
978 1878 1190 1942 arderet]
1226 1879 1352 1929 Ger.

283 1955 493 2005 Vossius
530 1953 887 2005 adnotaverat
919 1955 1032 2004 base
1071 1954 1252 2018 inepte
1277 1956 1351 2005 vi-

286 2030 394 2081 deri
435 2031 670 2097 adjecta.
736 2030 1045 2082 Perizonius
1086 2031 1235 2081 nucis
1276 2033 1352 2082 in·

284 2109 598 2170 cluserat,et
616 2106 964 2171 adscripscrat
977 2106 1114 2157 forte
1131 2107 1353 2159 delenda

286 2198 412 2235 esse.
479 2184 650 2235 Certe
688 2182 840 2233 valde
870 2181 1101 2247 frigent3
1136 2197 1353 2247 preser-

288 2260 375 2317 tim
407 2274 505 2310 vox
532 2258 709 2320 Regis.

329 2339 374 2401 §-
390 2341 420 2387 7
440 2336 537 2386 Sed
559 2350 627 2386 ne
649 2335 953 2399 quinem«
978 2336 1115 2384 lande
1133 2338 1356 2401 cessaret]

284 2414 339 2463 Si
366 2415 541 2479 plures
578 2421 761 2464 essent
783 2428 956 2477 sexus,
993 2412 1231 2477 haberet,
1251 2428 1354 2477 quo

284 2505 337 2539 se
355 2490 674 2542 defendes-et
695 2492 808 2540 haee
825 2490 1106 2553 scriptura,
1126 2489 1220 2539 sed
1239 2502 1354 2539 cum

290 2572 487 2617 tantum
534 2567 650 2616 duo
693 2566 818 2630 sint,
860 2572 917 2616 et
962 2565 1028 2615 de
1071 2565 1206 2615 virili
1241 2566 1355 2630 jam

287 2642 495 2707 dixerit,
525 2656 721 2708 parum
763 2648 909 2706 apte,
954 2658 1014 2692 ne
1054 2644 1161 2707 quis
1202 2658 1359 2694 sea-us.

288 2721 508 2770 varietas
531 2717 673 2769 facit
697 2733 800 2768 non
822 2719 1101 2781 immerito,
1132 2726 1191 2768 ut
1211 2719 1359 2768 dubi-

290 2801 409 2847 tem.
472 2795 729 2847 Jordanis
772 2809 902 2843 unus
937 2794 1133 2845 codex:
1169 2794 1266 2844 Sed
1300 2810 1359 2845 ne

291 2863 427 2921 serus
447 2874 576 2921 ulter
596 2887 629 2921 a
652 2872 794 2919 laude
812 2877 1031 2921 cessaret.
1065 2872 1200 2920 alter
1223 2871 1359 2920 Lon·

292 2950 501 3012 gohard.
524 2952 598 3000 sic
621 2950 813 3013 quidem
834 2948 887 2997 in
907 2950 1045 3012 viris,
1076 2955 1122 3001 et
1143 2963 1201 2998 ne
1219 2964 1361 2999 sextas

289 3028 407 3076 ulter
425 3044 457 3077 u
477 3028 621 3077 laude
641 3031 865 3075 cessaret.
921 3025 1253 3088 Nazarianus‚
1270 3025 1359 3090 qui

292 3103 341 3161 in
359 3105 617 3167 omuibus,
631 3099 826 3163 ἐσχάτη
840 3100 919 3150 καὶ
934 3099 1167 3163 ἀναγκαία
1182 3100 1362 3163 ἄγκυρα

294 3181 575 3232 nobisest:
613 3181 718 3230 Sed
752 3194 811 3229 ne
843 3180 954 3242 quid
987 3193 1126 3229 sexus
1157 3194 1188 3228 u
1226 3180 1363 3228 laude

292 3266 503 3311 ceam-et.
562 3258 702 3311 Inde
721 3257 904 3323 aliquis
928 3265 1098 3322 posset
1120 3257 1362 3320 augurari

294 3340 546 3390 excidisse
585 3351 770 3389 vocem
808 3338 949 3399 alter,
982 3352 1042 3386 ac
1085 3337 1361 3401 legendum

296 3414 648 3467 contendere:
687 3413 784 3463 Sed
804 3428 862 3462 ne
893 3414 1007 3477 quid
1032 3428 1172 3463 sexus
1190 3415 1312 3463 ulter
1331 3430 1362 3463 a

295 3491 427 3540 luade
456 3494 688 3540 met.
754 3489 843 3540 Sic
881 3489 1019 3539 enim
1054 3489 1138 3539 hic
1175 3496 1362 3539 auctor

296 3566 417 3617 alibi
432 3568 686 3633 loquutus
704 3573 805 3616 est.
847 3566 918 3615 Ut
933 3580 1049 3629 cap.
1063 3579 1171 3630 seq.
1196 3566 1211 3592 ‘
1228 3565 1362 3615 Inde

297 3643 348 3691 in
368 3643 535 3694 aciem
562 3640 858 3706 profectus,
894 3656 960 3691 ne
984 3641 1107 3706 qnid
1131 3657 1161 3692 a
1183 3642 1363 3692 rustici

299 3720 465 3783 operis
487 3719 791 3769 imitatione
813 3718 1076 3769 cessaret!
1143 3719 1230 3769 lta
1266 3719 1387 3783 boe¹

300 3796 441 3846 locet
480 3811 541 3846 ae
566 3795 907 3859 quideessuret
929 3794 1364 3844 alaudesexusal·

298 3876 385 3921 ter.
468 3872 580 3921 Sed
626 3871 806 3935 potius
853 3879 1029 3934 putem
1070 3885 1187 3921 enm
1232 3870 1363 3920 Naz.

301 3948 630 3999 scribendum
651 3966 665 3997 ε
700 3963 760 3997 ne
778 3947 890 4010 qnia
907 3962 1046 3997 sexus
1064 3963 1095 3997 u
1112 3948 1364 3997 lande-ces-

298 4031 439 4076 ares.
492 4023 703 4088 Optimi
726 4023 933 4088 quidam
957 4029 1194 4073 auctores
1216 4025 1231 4052 ‘
1252 4037 1369 4072 sex-

302 4102 408 4150 um'
439 4101 685 4152 absolute
716 4114 812 4163 pro
834 4099 1068 4150 muliebri
1092 4115 1218 4150 sexu
1253 4099 1364 4149 dix-

301 4182 470 4229 erunt.
554 4175 693 4225 lude
734 4176 788 4224 iu
838 4176 1101 4227 vetustiss.
1145 4175 1365 4239 Glossis,

300 4264 472 4317 sexus,
501 4250 746 4314 γυναικεία
764 4249 905 4315 φύσις
937 4253 1229 4317 exponitur.
1262 4250 1364 4303 Sal.

2339 348 2471 415 499

1410 507 1531 556 Non
1554 500 1726 569 video,
1757 499 1854 556 'cur
1873 497 2175 573 quemquam
2207 506 2361 556 lectio
2383 508 2472 556 ist-

1408 582 1523 634 hoec
1556 582 1822 634 offendere
1858 583 2069 644 debeat,
2113 581 2331 632 subnixa
2367 581 2472 631 fide

1410 673 1508 710 om.
1556 659 1689 714 Mss.
1745 666 1850 709 tam
1896 659 2071 709 Vineti
2121 673 2275 723 quam
2333 658 2476 708 Pau.-

1412 735 1565 785 unieo
1601 743 1826 799 excepto
1853 735 2091 797 Nazario,
2125 737 2179 785 in
2202 749 2303 800 quo
2325 735 2474 799 quid,-

1413 813 1504 863 sed
1528 813 1681 862 litera
1701 821 1965 877 postrema
1987 819 2298 864 excurrente
2321 820 2475 862 extra

1413 889 1680 949 terminos,
1708 895 1767 938 ut
1806 888 2042 939 videatur
2082 888 2231 938 initio
2270 893 2474 937 tantum

1412 966 1592 1028 fuisse,
1611 969 1708 1031 qni.
1741 967 1900 1017 Grut.
1970 967 2215 1017 Ceterum
2234 965 2476 1016 Romanis

1413 1042 1647 1093 hocloco
1670 1041 1975 1106 quadraret,
2007 1040 2142 1107 quod
2167 1040 2234 1092 de
2269 1040 2476 1105 Scythis

1416 1118 1674 1184 praediest
1695 1117 1891 1170 Justin.
1924 1122 1974 1168 2.
2002 1121 2049 1178 l,
2070 1121 2123 1166 2.
2154 1118 2172 1145 ‘
2197 1117 2316 1167 Non
2339 1117 2476 1167 viro·

1416 1210 1530 1245 rum
1553 1196 1770 1259 imperio
1794 1196 1975 1260 magis,
1997 1209 2149 1260 quam
2173 1192 2476 1243 feminarum

1417 1271 1699 1323 virtutibus
1722 1270 1991 1321 claruere!
2055 1272 2072 1299 ‘
2095 1271 2204 1321 Cen
2236 1271 2331 1320 sibi
2367 1268 2484 1321 εει-ἑ

1419 1355 1614 1410 tautes,
1645 1363 1801 1398 sexus
1840 1346 1963 1414 qnid
2011 1346 2178 1411 possit
2228 1345 2480 1410 uterque,’

1419 1423 1606 1476 Claud.
1629 1425 1695 1475 de
1717 1424 1873 1475 Cous.
1928 1423 2087 1474 Prob.
2111 1429 2168 1474 et
2207 1423 2364 1488 Olyb.
2404 1436 2478 1472 vs.

1418 1506 1533 1552 201.
1565 1502 1655 1567 qui
1679 1508 1850 1552 tamen
1873 1499 2145 1550 mendosus
2169 1499 2221 1548 in
2244 1499 2483 1562 sequenti

1420 1591 1590 1627 versu.
1623 1590 1743 1626 nam
1765 1576 1819 1624 ln
1844 1574 2222 1640 omnibus,quae
2247 1574 2372 1635 vidi,
2394 1589 2485 1623 ex-

1420 1654 1736 1719 emplaribus
1772 1653 1997 1718 legitur:
2047 1651 2194 1713 Ηιυισ
2230 1652 2382 1722 legere
2421 1653 2486 1701 ad

1420 1732 1600 1781 herum.
1633 1745 1730 1795 pro
1769 1744 1869 1795 quo
1904 1728 2075 1792 aptius
2106 1727 2484 1778 substitueres:

1425 1809 1570 1859 Hunc
1606 1809 1762 1870 legere
1795 1807 2000 1856 thorum.
2033 1818 2148 1869 quae
2184 1809 2485 1868 sequuntur,

1422 1884 1601 1935 luxata
1621 1892 1762 1945 sunt,
1791 1890 1886 1932 aut
1914 1881 2101 1946 aliquae
2124 1895 2192 1931 ex
2215 1878 2487 1944 naufragio

1424 1961 1632 2012 tabulas.
1718 1959 1944 2011 Videtur
1988 1958 2126 2007 enim
2174 1956 2488 2008 Claudianus

1424 2045 1619 2088 matres
1644 2037 1903 2089 Romanas
1934 2035 2250 2101 Graecasque
2277 2047 2489 2096 compa-

1425 2128 1570 2164 rasse
1611 2113 1700 2164 isti
1736 2120 2004 2163 matronas.
2038 2110 2127 2160 Fr.
2195 2110 2324 2160 Naz.
2390 2109 2490 2159 Sed

1423 2207 1484 2242 no
1504 2193 1617 2256 quid
1646 2206 1785 2241 sexus
1815 2206 1846 2240 u
1880 2190 2018 2240 laude
2037 2192 2268 2237 ‘cessar-et.
2337 2187 2489 2239 Quod

1428 2272 1606 2335 tuetur
1626 2266 1782 2316 Salm.
1802 2264 1993 2315 doeens
2014 2278 2177 2313 saum
2199 2277 2294 2326 pro
2310 2262 2491 2312 mulie-

1427 2342 1507 2394 bri
1532 2357 1661 2393 sexu
1683 2342 1877 2406 soepius
1917 2340 2038 2391 dici.
2104 2339 2343 2403 Sedhoc
2379 2338 2491 2403 plu-

1428 2419 1578 2483 rium,
1608 2433 1709 2468 non
1735 2418 1880 2467 unius
1903 2416 2138 2481 glossarii
2172 2415 2490 2466 auctoritate

1428 2494 1731 2544 firmandum
1750 2499 1881 2543 erat.
1933 2494 2123 2543 Verius
2146 2492 2218 2543 N.
2241 2492 2491 2555 Heinsius

1431 2570 1563 2621 vidit
1599 2569 1925 2620 scribendum
1963 2584 2109 2619 esse:
2143 2569 2256 2633 Sed,
2285 2584 2346 2618 ae
2378 2568 2495 2632 quid

1428 2648 1475 2695 is
1505 2661 1646 2696 senis
1664 2662 1696 2695 u
1716 2647 1854 2695 laude
1875 2649 2100 2707 cessaret,
2134 2658 2235 2694 eccs
2266 2650 2310 2693 et
2340 2641 2496 2705 virgi-

1429 2740 1540 2773 num
1561 2724 1732 2773 οὕτω.
1798 2721 1885 2771 Ad
1929 2720 2200 2785 sequeutia
2237 2719 2375 2768 enim
2417 2731 2496 2766 re·

1429 2799 1697 2848 ferendum
1720 2799 1764 2847 is
1786 2811 1944 2854 sextas,
1981 2793 2198 2859 perinde
2223 2807 2285 2843 ac
2309 2793 2353 2842 si
2381 2792 2497 2841 Flo-

1433 2893 1521 2928 rus
1543 2877 1861 2940 scripsisset:
1897 2873 1984 2924 Sic
2007 2872 2214 2938 quidem
2234 2871 2363 2921 viri:
2404 2872 2498 2920 sed

1434 2967 1561 3004 ecce
1596 2960 1650 3002 et
1688 2950 1945 3015 virginum
1970 2948 2150 3009 virtus,
2178 2962 2243 2997 ne
2287 2947 2411 3012 quid
2455 2948 2499 2997 is

1432 3045 1585 3080 sexus
1606 3028 1810 3078 alaude
1834 3024 2101 3076 cessaret-⁹
2132 3025 2294 3074 Gran.
2336 3023 2500 3075 Hein-

1433 3106 1541 3156 sius
1579 3105 1712 3155 hane
1754 3103 2110 3168 conjecturam
2148 3101 2201 3151 in
2240 3101 2375 3152 libro
2406 3117 2500 3151 suo

1433 3183 1719 3243 deleverat,
1735 3188 1796 3230 nt
1815 3179 1982 3229 videri
1996 3179 2160 3243 possit
2179 3192 2291 3228 eam
2310 3176 2501 3227 deinde

1433 3256 1768 3323 improbasse.
1839 3256 1958 3312 Quis
1996 3254 2062 3305 de
2105 3254 2307 3304 dnobus
2348 3260 2494 3303 recte

1434 3335 1639 3387 dicitur.
1701 3333 1908 3384 Phaedr.
1948 3345 2037 3382 m.
2082 3331 2264 3381 Fabul.
2296 3334 2371 3380 13.
2405 3333 2486 3379 14.

1433 3414 1449 3442 ‘
1484 3410 1742 3475 Apertum
1773 3418 1875 3471 est,
1913 3409 2028 3472 quis
2066 3422 2166 3457 non
2189 3407 2373 3471 possit,
2404 3413 2495 3456 aut

1436 3488 1553 3553 quis
1617 3484 1848 3536 feeerit!
1922 3484 2043 3534 Vid.
2095 3482 2265 3535 Axen.
2332 3482 2399 3533 ad
2455 3496 2494 3532 1.

1508 3641 1614 3689 Una
1658 3654 1719 3689 ex
1770 3636 2028 3701 obsidibus]
2082 3637 2242 3699 Nota,
2280 3635 2499 3685 feminas

1436 3716 1594 3766 etiam
1638 3713 1843 3769 obsides
1887 3712 2002 3763 dari
2046 3713 2226 3762 solitas
2271 3712 2499 3777 antiquis

1439 3790 1778 3855 temporibus,
1831 3796 1891 3839 ut
1947 3794 2092 3838 recte
2155 3789 2501 3851 reprehensus

1440 3867 1676 3916 videatur
1696 3880 1728 3914 a
1751 3864 1929 3927 Lipsio
1954 3864 2016 3912 ad
2039 3864 2165 3914 Tac.
2196 3863 2323 3913 Ger.
2363 3868 2414 3914 8.
2449 3868 2499 3914 2.

1439 3943 1587 3991 Suet.
1625 3941 1758 4004 Aug.
1794 3955 1909 4003 cap.
1931 3943 2012 3988 21.
2036 3939 2126 4004 qui
2167 3941 2182 3967 ‘
2201 3954 2387 3993 novum
2411 3954 2501 4003 ge·

1439 4034 1535 4068 uus
1557 4017 1809 4068 obsidum’
1839 4017 2065 4080 appellat
2088 4015 2321 4067 feminas.
2387 4016 2504 4065 Me-

1439 4095 1592 4145 minit
1616 4104 1787 4145 tamen
1822 4092 2056 4143 obsidum
2079 4090 2384 4142 feminarum
2407 4090 2503 4140 eti-

1440 4188 1523 4223 am
1547 4173 1845 4236 Polyaenus,
1876 4174 1926 4219 4.
1951 4174 2001 4232 3,
2025 4174 2105 4220 30.
2137 4177 2190 4219 et
2227 4170 2441 4232 Dionys.
2463 4181 2504 4222 1.

1438 4252 1525 4314 43,
1544 4252 1589 4298 1.
1627 4249 1708 4298 Fr.
1773 4247 1894 4299 Vid.
1920 4253 2242 4311 tamen,quae
2261 4260 2354 4310 pro
2376 4245 2503 4294 Sue·
