2950 4892
519 398 652 465 700

522 562 575 620 8,
608 562 656 607 8.
688 557 708 587 ⁴
735 554 1008 621 Philippus
1044 551 1181 621 (bic)
1212 554 1389 606 studio
1422 553 1584 606 Alex·

524 635 670 685 andri
721 633 1061 684 aemulstionis
1102 633 1347 683 incensus
1398 630 1585 698 (emt),

522 718 900 778 promptusque
930 711 985 761 in
1020 710 1162 763 bella
1193 716 1248 760 et
1270 709 1586 760 industrius!

522 788 630 839 Pro
665 788 828 853 priori
874 794 1055 838 tamen
1092 786 1339 852 opinione
1380 783 1585 838 faciunt

520 866 810 932 sequentis.
850 864 1071 922 Freiusls.
1159 863 1333 916 Probo
1375 870 1584 914 senten-

521 943 649 1000 tiam
683 942 923 993 Salmasii
958 949 1016 991 et
1058 940 1290 991 Freinsh.
1333 939 1473 990 Plin.
1508 953 1585 992 ιν.

516 1019 592 1070 H.
620 1021 688 1071 N.
713 1024 792 1072 1⁰.
824 1020 841 1049 ‘
866 1017 1180 1070 Macedonia
1216 1015 1399 1067 inclita
1422 1031 1584 1081 quon-

521 1097 641 1148 dem
665 1103 921 1147 terrarum
942 1093 1196 1160 imperio!
1230 1093 1339 1144 Liv.
1356 1105 1516 1143 xxxt.
1535 1097 1581 1143 1.

523 1173 591 1226 de
611 1174 709 1224 boc
728 1174 866 1224 bello
886 1190 900 1225 ε
934 1174 950 1201 ‘
968 1171 1332 1237 Magnitudine
1356 1169 1585 1235 imperii,

524 1264 628 1316 quo
666 1250 882 1300 multam
912 1251 1168 1316 quondam
1200 1249 1447 1313 Europos,
1480 1263 1586 1298 ma-

513 1327 688 1391 jurem
711 1335 914 1391 purtem
950 1326 1090 1377 Asiae
1130 1325 1463 1377 obtinuerunt
1501 1340 1585 1375 ar-

522 1403 639 1467 mis,
680 1418 845 1468 prope
868 1402 1128 1454 nobilius'
1160 1402 1381 1453 Punico.
1443 1402 1460 1430 ‘
1479 1402 1583 1456 Im-

521 1480 752 1544 perium'
783 1479 915 1534 dicit
949 1495 1044 1545 pro
1084 1493 1284 1530 summo
1308 1478 1450 1530 orbis
1482 1487 1584 1530 ter-

520 1570 700 1607 rarum
743 1558 981 1622 imperio,
1022 1548 1378 1608 Monarchiam
1425 1557 1583 1621 vulgo

521 1643 730 1688 vocant.
784 1637 847 1687 C.
874 1638 1013 1701 Nep.
1038 1639 1189 1687 Eum.
1215 1649 1303 1686 ιιι.
1324 1641 1339 1665 ⁸
1362 1635 1584 1701 Semper

520 1714 687 1771 babiti
722 1721 845 1763 suut
877 1712 1164 1777 fortissimi,
1200 1712 1291 1779 qui
1333 1727 1583 1764 summam

520 1791 729 1856 imperii
761 1791 1091 1855 potirentur.’
1155 1793 1295 1844 Flor.
1320 1806 1382 1843 11.
1414 1797 1496 1843 17.
1535 1797 1583 1844 3.

520 1867 841 1931 ‘Imperium
877 1868 1149 1931 experiri.'
1215 1869 1288 1919 Et
1324 1883 1388 1920 ιι.
1425 1874 1474 1919 6.
1500 1874 1583 1921 2⁰.

521 1943 591 1993 de
630 1944 812 2006 Romu,
865 1945 882 1973 ‘
905 1944 1042 1995 Urbs
1077 1946 1432 2009 impertitura:
1495 1947 1583 1998 De

519 2021 741 2085 imperio
760 2021 1109 2074 Macedonum
1133 2022 1249 2073 Liv.
1270 2035 1395 2073 xcv.
1419 2028 1469 2074 9.

524 2143 559 2156 ,.
587 2098 755 2161 Itaque
775 2097 1008 2162 qumvis]
1054 2098 1472 2163 Explicatiouem
1496 2100 1585 2149 lm

509 2174 599 2238 jus
622 2174 725 2224 loci
740 2180 866 2238 pete
882 2188 949 2224 ex
964 2174 1216 2236 Grutero‚
1235 2174 1584 2226 Discursuum

435 2251 438 2255 “
519 2249 575 2299 in
609 2249 735 2300 Tac.
758 2250 982 2315 septinio
1017 2252 1064 2315 §.
1086 2255 1137 2300 4.
1173 2250 1393 2301 Freinsh.
1460 2253 1583 2305 Jus-

521 2327 619 2379 tin.
644 2340 807 2378 xxxx.
836 2332 884 2381 3.
920 2330 936 2358 ‘
961 2328 1222 2380 Terrebat
1243 2344 1330 2381 eos
1353 2338 1410 2380 et
1434 2339 1584 2382 vetus

521 2404 876 2459 Macedonum
909 2405 1094 2469 virtus,
1130 2412 1188 2457 et
1221 2405 1419 2458 devicti
1460 2407 1584 2460 Ori-

522 2481 657 2533 entis
680 2482 865 2549 gloria,
899 2490 957 2534 et
989 2482 1264 2548 Philippus
1303 2483 1480 2534 studio
1512 2485 1584 2536 A·

517 2557 760 2610 lexandri
783 2561 1126 2613 aemulotionis
1149 2562 1406 2626 incensus,
1426 2576 1583 2628 quem

520 2644 779 2702 promtum
794 2639 848 2689 in
861 2638 1018 2703 belle,
1031 2638 1445 2706 industriumque
1462 2653 1583 2705 cog-

514 2709 812 2768 noverant?

520 2824 535 2835 ·
584 2794 631 2858 ς.
655 2797 685 2843 3
721 2793 927 2845 Nomine
960 2795 1182 2859 amplios,
1220 2808 1361 2858 quoin
1394 2808 1583 2858 exspec-

519 2868 723 2932 tatione]
769 2869 922 2919 Hauc
946 2870 1152 2935 pridem
1186 2869 1367 2920 vocem
1401 2870 1583 2934 explo-

521 2940 745 2992 dendam
757 2943 1136 3009 judicaveram,
1170 2944 1454 2996 substituta
1475 2961 1584 2997 me-

518 3018 669 3082 liore,
687 3033 837 3084 quam
860 3026 1045 3070 extare
1066 3021 1121 3070 in
1143 3021 1311 3071 veteri
1334 3021 1585 3087 editione,

516 3094 788 3156 indicante
819 3109 1009 3159 magno
1040 3096 1191 3160 Viro,
1209 3112 1584 3162 cognoveram:

522 3183 733 3236 nempe,
772 3172 1087 3235 spectatione:
1134 3177 1498 3241 exspectatione,
1528 3186 1586 3230 ιιι

521 3247 678 3312 vulgo
700 3248 911 3313 legitur,
925 3251 1049 3314 quid
1064 3251 1180 3301 heic
1194 3259 1344 3303 sonat
1359 3255 1378 3305 ?
1400 3256 1415 3283 ‘
1435 3271 1584 3321 spec·

524 3325 657 3374 tatio
673 3324 688 3347 ’
708 3333 808 3388 est,
832 3327 1196 3391 consideratio,
1218 3336 1273 3380 et
1297 3340 1587 3397 respectus,

524 3405 584 3452 ut
597 3398 758 3465 dicat,
772 3401 993 3465 amplius
1011 3403 1136 3453 illud
1159 3403 1353 3455 bellum
1374 3409 1583 3460 nomine

524 3473 707 3539 fuisse,
730 3484 952 3541 propter
972 3492 1158 3530 nomen
1192 3488 1250 3532 et
1280 3486 1584 3537 memoriam

525 3552 646 3602 olim
668 3552 875 3603 virtutis
896 3553 1268 3621 Macedonum,
1288 3573 1438 3624 qnam
1461 3576 1584 3612 con-

526 3627 862 3693 sideratione,
878 3637 938 3682 et
960 3639 1205 3696 respectu
1217 3633 1377 3698 ipsius
1392 3639 1584 3703 gentis,

528 3721 646 3771 quae
682 3707 770 3758 illo
810 3713 1047 3773 tempore
1089 3724 1193 3760 non
1230 3711 1448 3763 multum
1479 3714 1587 3765 lau·

525 3781 651 3833 data
671 3789 804 3836 erat.
870 3785 1182 3850 Exepedm,
1223 3802 1319 3853 pro
1351 3798 1583 3856 spectare,

525 3858 801 3924 scriptum,
836 3862 1024 3913 millies
1059 3864 1114 3914 in
1145 3866 1414 3917 veteribus
1437 3868 1585 3921 libris

524 3933 887 3988 animadverti.
920 3937 1070 3991 Salas.
1136 3940 1465 4008 Spectutione]
1500 3945 1587 3996 Its

522 4011 708 4074 scripsi
742 4014 1032 4066 volentibus
1077 4017 1199 4069 trib.
1241 4019 1378 4072 Pell.
1425 4028 1586 4086 atque

528 4085 688 4138 editis
726 4093 964 4141 vetuste.
1007 4105 1124 4143 nom
1158 4108 1306 4161 seqq.
1349 4103 1588 4162 exspecto

526 4161 686 4211 tione.-
715 4163 933 4216 alterum
966 4165 1132 4230 ipsum
1168 4170 1414 4222 Latinum
1453 4187 1590 4240 esse,

527 4238 733 4289 ostendi
754 4239 878 4290 slibi
899 4241 966 4292 sd
997 4242 1209 4296 Seneca
1246 4247 1588 4301 Animadver-

525 4314 717 4370 siones.
757 4314 901 4368 Gne.
967 4316 1055 4370 lta
1076 4320 1588 4388 sp.1²1in.sr.9.de

1221 412 1438 462 norm
1484 411 1886 463 unionum
1935 383 2014 461 :iz
2119 413 2124 418 ·

1661 555 1929 622 paederote
1965 569 2168 620 gemma
2185 571 2200 618 ς
2233 554 2250 584 ‘
2268 551 2365 606 Est
2386 559 2446 606 et
2465 569 2618 605 suum
2638 569 2719 618 ge-

1660 647 1756 683 nus
1780 632 2177 698 exspectatione
2199 646 2292 682 sus
2314 631 2536 696 dignum
2555 631 2591 679 τ’
2635 631 2716 684 ubi

1660 710 1788 761 Mss.
1832 712 2131 775 spectatione.
2186 709 2426 760 Freinsh.
2523 709 2720 759 Nonius

1658 786 1863 851 ampliss
1903 801 2043 851 quom
2079 786 2367 851 spectatione
2405 785 2577 848 gentis
2597 784 2722 848 fnit]

1660 863 1886 927 Egregie
1905 864 2048 913 hunc
2071 864 2241 914 locum
2259 864 2504 920 restituit
2537 863 2722 914 ssim»

1659 941 1784 1001 sius,
1819 938 2142 1004 suffragante
2164 940 2442 1005 Ryckiano
2462 945 2525 988 et
2548 939 2722 1003 Regio.

1659 1018 1819 1067 Fama
1853 1016 2188 1067 Macedonici
2227 1014 2354 1066 belli
2388 1015 2568 1079 major
2599 1022 2723 1079 ent,

1658 1109 1810 1160 quam
1833 1094 1988 1146 rebus
2021 1094 2148 1159 ipsis
2182 1092 2516 1143 Macedones
2553 1099 2720 1141 osten·

1657 1173 1858 1224 debant
1895 1189 1958 1224 uc
2001 1172 2396 1238 experimentis.
2483 1171 2720 1235 Speetstis

1658 1258 1740 1302 est
1779 1252 2213 1317 experimentum.
2277 1249 2393 1300 Cic.
2416 1248 2552 1300 Aet.
2575 1262 2638 1297 n.
2670 1248 2718 1297 iu

1657 1331 1811 1383 Verr.
1844 1331 1959 1380 ‘Ex
1982 1329 2119 1379 omni
2143 1326 2386 1393 pecunia,
2421 1340 2584 1390 quun
2619 1340 2721 1375 ara·

1658 1408 1856 1459 toribus
1878 1408 2081 1458 solvere
2102 1405 2350 1465 debuisti,
2384 1405 2550 1454 certis
2571 1403 2719 1454 nomi·

1657 1485 1809 1536 nibus
1833 1486 2179 1542 deductiones
2201 1483 2321 1534 fleri
2343 1481 2609 1547 solebant,
2628 1483 2721 1547 pri·

1657 1578 1796 1613 mum
1850 1578 1946 1628 pro
1998 1561 2325 1627 spectatione
2367 1567 2428 1610 et
2466 1557 2719 1623 collybo?

1657 1641 1749 1691 hos
1780 1647 1880 1703 est,
1913 1639 2227 1706 probatione
2260 1651 2613 1699 nummorum,
2651 1650 2719 1686 es·

1658 1705 1843 1768 Sentne
1865 1716 2038 1767 idonei
2061 1723 2119 1766 et
2141 1715 2278 1780 justi
2300 1713 2575 1778 ponderis.
2640 1713 2720 1763 Sic

1658 1800 1717 1847 et
1747 1791 2081 1860 ‘spectatus'
2102 1800 2203 1856 est,
2219 1790 2512 1857 probatus
2545 1790 2721 1855 ‘-spee

1659 1877 1773 1922 tata
1793 1869 1985 1921 virtus’
2020 1869 2198 1920 multis
2241 1867 2580 1919 documentis
2615 1882 2721 1932 pro-

1660 1948 1802 1998 bata.
1867 1947 2092 1997 Terent.
2118 1943 2258 1996 And.
2282 1943 2462 1994 ‘Satis
2485 1949 2728 2010 spectato.

1658 2037 1786 2086 erga
1831 2030 1885 2074 te
1928 2029 2011 2073 est
2066 2021 2299 2074 amicitis
2345 2019 2504 2071 mea?
2563 2020 2723 2070 Grec.

1658 2099 1962 2165 spectatione
1981 2100 2142 2151 etism
2173 2098 2315 2148 Toll.
2340 2097 2544 2148 Duisb.
2569 2097 2724 2162 Βεμ-

1659 2178 1818 2228 Fran.
1847 2179 1999 2228 Voss.
2040 2182 2089 2227 1.
2112 2180 2163 2226 2.
2196 2182 2329 2225 eto.
2346 2188 2400 2225 e.
2436 2173 2583 2224 Add.
2621 2187 2725 2223 rur-

1660 2270 1747 2305 sus
1771 2254 2075 2305 Scinasium
2111 2252 2176 2302 nd
2213 2251 2377 2302 Solin.
2417 2266 2470 2316 p.
2504 2256 2624 2303 ⁸99.
2643 2251 2728 2301 ubi

1660 2331 1966 2384 emendatur
1997 2332 2143 2381 locus
2175 2330 2357 2393 Plinii,
2399 2328 2470 2380 de
2504 2341 2613 2395 quo
2648 2329 2726 2380 hic

1662 2407 2064 2458 Freinshemius.
2123 2407 2423 2470 Exspectare
2444 2413 2504 2456 et
2526 2411 2730 2470 specim

1659 2499 1800 2549 saepe
1817 2488 1824 2493 ’
1844 2483 2133 2549 permutari
2165 2483 2457 2534 ostendunt
2493 2484 2731 2549 Interpp.

1659 2561 1855 2614 Justini
1894 2561 1961 2611 sd
1999 2574 2125 2611 xm.
2163 2566 2208 2612 1.
2241 2568 2299 2611 et
2336 2560 2641 2612 Mnnkerus
2671 2559 2734 2611 sd

1659 2639 1857 2704 Hygia.
1878 2638 2034 2689 Ροὲι.
2059 2636 2277 2689 Astron.
2299 2651 2341 2688 1.
2364 2642 2416 2688 6.
2453 2637 2567 2703 sle,
2588 2643 2647 2688 ut
2667 2651 2728 2687 ex

1659 2716 2023 2766 Brencmanno
2044 2721 2229 2764 nostro
2250 2713 2519 2778 intellexi,
2533 2712 2672 2779 qued
2685 2714 2734 2763 in

1659 2790 1794 2856 libro
1820 2792 2048 2842 Florent.
2087 2791 2121 2841 l.
2148 2794 2230 2854 33.
2264 2790 2333 2840 D.
2371 2790 2443 2841 de
2484 2791 2731 2842 Contreb-

1659 2876 1784 2921 emt.
1802 2870 2017 2935 legitur,
2033 2871 2048 2898 ⁴
2061 2869 2296 2919 Primum
2315 2871 2576 2933 expecari
2598 2884 2739 2935 opor·

1660 2953 1758 3010 tet,
1790 2947 1916 3012 quid
1955 2948 2062 2998 acti
2107 2945 2212 3018 sit}
2233 2981 2240 2988 .
2259 2952 2316 2995 et
2347 2946 2404 2995 in
2437 2946 2559 2996 aliis
2583 2947 2735 3011 scrip-

1662 3023 1729 3074 tis
1750 3024 2040 3088 exspectari,
2068 3024 2122 3073 id
2142 3023 2195 3073 in
2220 3022 2359 3073 Edd.
2378 3030 2469 3073 est
2489 3023 2733 3088 speetu-i.-

1661 3106 1718 3150 et
1741 3107 1906 3149 recte.
1962 3098 2288 3149 Munckerus
2313 3098 2383 3148 ad
2405 3098 2617 3163 Hygia.
2639 3099 2673 3149 l.
2688 3097 2734 3148 d.

1662 3176 1821 3226 etiam
1863 3174 2102 3239 adnotet,
2137 3189 2279 3238 esse,
2326 3175 2420 3239 qui
2457 3167 2732 3240 exspectan

1661 3265 1757 3318 pro
1792 3256 2006 3316 spectare
2043 3252 2201 3302 Latio
2237 3251 2519 3302 vindicare
2559 3251 2735 3314 velint,

1660 3328 1906 3392 interque
1938 3341 2028 3378 eos
2065 3327 2220 3378 Grut.
2244 3334 2303 3378 et
2325 3325 2736 3392 Freinshemius

1661 3405 1726 3458 ad
1751 3407 1891 3458 Flor.
1907 3411 2036 3458 ιι.7.
2071 3420 2227 3471 quam
2246 3394 2402 3456 recte
2428 3412 2635 3470 autem,
2665 3405 2738 3468 ip·

1662 3483 1735 3536 sis
1770 3483 2056 3534 videndum
2090 3497 2224 3534 esse.
2294 3483 2424 3534 Non
2465 3488 2620 3534 recte
2657 3495 2738 3532 eos

1661 3559 1892 3624 inspexit
1923 3558 2282 3610 Mnnckerus:
2334 3572 2466 3625 naq
2498 3558 2633 3610 nihil
2671 3555 2742 3607 di-

1660 3643 1804 3695 cunt,
1837 3650 1867 3686 e
1898 3651 2000 3703 quo
2021 3636 2249 3700 intelligi
2271 3636 2447 3701 possit
2465 3636 2609 3687 hane
2631 3649 2738 3686 esse

1657 3713 1861 3763 illorum
1883 3712 2216 3764 sententiam.
2249 3710 2338 3761 Ad
2355 3727 2445 3775 ea,
2457 3727 2582 3778 quoe
2598 3713 2740 3764 Gra·

1661 3788 1774 3839 vius
1796 3788 1983 3839 scribit
2014 3788 2083 3839 de
2119 3788 2460 3852 spectatione
2483 3790 2741 3854 pecunie,

1663 3863 1783 3916 add.
1821 3864 1958 3916 Bud.
1995 3864 2063 3915 ad
2097 3863 2133 3913 1.
2172 3863 2272 3914 ult.
2304 3864 2375 3914 D.
2416 3865 2488 3916 de
2523 3866 2737 3929 Pigner.

1663 3946 1770 3990 act.
1805 3946 1865 3992 et
1902 3941 2119 3992 Hotom.
2142 3940 2211 3990 ad
2234 3939 2352 3991 Cic.
2376 3953 2469 3992 ιιι.
2507 3942 2569 3993 in
2590 3942 2737 3992 verr.

1661 4021 1745 4070 78.

1726 4096 1772 4160 §-
1792 4098 1825 4147 4
1863 4095 2024 4145 Conso
2055 4093 2223 4158 cepit]
2279 4092 2460 4157 Ryck.
2500 4093 2742 4160 Reg.1·',

1659 4171 1792 4223 Toll.
1836 4172 2022 4222 Duisb.
2058 4172 2215 4222 Fren-
2253 4169 2407 4220 Voss.
2430 4172 2483 4221 3.
2524 4177 2585 4219 ει
2621 4183 2669 4218 v.
2689 4182 2739 4218 e.

1666 4248 1974 4298 Cossoebelli
2009 4248 2170 4312 capit.
2235 4246 2325 4295 De
2362 4259 2426 4295 re
2467 4246 2580 4297 vid.
2623 4245 2736 4295 Lis.

1666 4336 1842 4377 xxm.
1865 4327 1949 4376 88.
1982 4324 2170 4376 Florus
2188 4320 2412 4388 confuse
2434 4329 2620 4376 nsnut
2639 4321 2740 4374 bis·

2903 2359 2909 2440 Η
