2950 4892
525 398 697 465 1134
916 446 923 453 .
1210 410 1304 459 nn
1352 406 1751 459 conminus
1801 407 1966 458 uss,

522 564 643 623 sia}
729 566 931 643 Atque
977 561 1158 622 libros
1222 563 1399 622 hosce
1444 561 1568 622 duo
1598 563 1848 622 vinetus
1877 562 2016 623 loco
2067 581 2188 622 non
2238 582 2358 621 uno
2403 563 2722 623 nominatim

520 662 743 722 laudat.
829 660 949 721 Sed
1002 668 1219 739 praeter
1259 680 1360 720 eos
1406 661 1548 739 quin
1579 661 1728 721 idem
1773 662 2142 721 consuluerit
2181 663 2240 720 iu
2263 661 2724 739 recognosce&

523 760 734 820 Aunaei
770 759 1008 819 historia
1036 750 1203 831 alios,
1234 778 1351 818 non
1381 767 1585 837 potest
1614 758 1899 830 dubitari,
1930 779 2074 819 cum
2106 759 2165 818 in
2196 759 2355 820 uotis
2381 760 2463 819 ab
2491 780 2566 820 eo
2601 779 2724 839 pas·-

522 860 627 919 sim
656 868 1190 919 commemorentur
1217 858 1567 919 membranae
1595 867 1654 918 et
1681 857 1816 917 libri
1854 857 2112 937 antiqui,
2159 858 2243 918 ita
2283 868 2488 918 tamen
2517 866 2584 917 ut
2625 876 2724 917 uec

524 957 627 1017 de¹
653 956 1002 1036 antiquitate
1039 962 1242 1015 ‘eorum
1290 955 1610 1034 quicquam
1653 955 1835 1028 dicat,
1884 974 1995 1015 nec
2043 954 2205 1015 unde
2259 975 2365 1015 eos
2421 954 2724 1033 acceperit,

525 1057 767 1134 usquam
796 1053 1103 1113 ostendat:
1146 1051 1306 1132 quod
1337 1052 1579 1131 quidem
1602 1051 1805 1111 vitium
1844 1061 1937 1112 est
1961 1072 2084 1112 non
2110 1062 2234 1112 tam
2261 1053 2548 1125 hominis,
2569 1071 2725 1131 qm-

522 1164 857 1231 temporum
904 1150 1160 1209 illorum.
1246 1150 1521 1210 Dukerus
1563 1169 1704 1210 vero
1753 1169 1885 1210 usus
1929 1160 2026 1210 est
2070 1150 2438 1211 lectionibus
2484 1150 2725 1213 duorum

519 1251 794 1310 codicum
828 1247 1205 1308 bibliothecae
1241 1247 1579 1308 Parisiensis
1625 1247 1849 1324 Regiae,
1879 1266 2029 1327 quas
2071 1249 2460 1309 commiserat
2497 1251 2724 1321 erudita.

519 1346 624 1407 sed
656 1347 877 1425 ignota,
907 1364 1111 1406 manus
1157 1344 1520 1424 marginibus
1568 1346 1904 1406 Graeviauae
1941 1344 2216 1405 editionis
2252 1347 2556 1426 exempli:
2597 1349 2726 1408 alter

521 1445 751 1506 videtur
795 1446 1046 1524 scriptus
1085 1443 1265 1504 fuisse
1293 1443 1615 1524 quaternis,
1663 1443 1815 1504 alter
1862 1444 1919 1503 in
1951 1443 2178 1503 chartis
2226 1454 2334 1504 aut
2379 1447 2718 1506 membranis

518 1542 725 1604 sormae
749 1544 1046 1603 maximae:
1068 1551 1235 1603 erant
1259 1542 1415 1602 euim
1446 1541 1671 1615 litteris,
1702 1542 1875 1622 siglas
1901 1551 2144 1613 vocant,
2169 1542 2230 1611 Q
2259 1553 2326 1602 et
2363 1543 2410 1602 F
2437 1543 2521 1602 ab
2548 1563 2619 1604 eo
2640 1545 2726 1623 qu·

517 1642 850 1702 contulerat
867 1641 1071 1701 notati.
1109 1640 1227 1702 Sed
1250 1639 1458 1700 eadem
1480 1640 1840 1701 bibliotheca
1862 1640 2051 1717 Regia
2070 1639 2186 1700 alio
2209 1640 2393 1701 etiam
2411 1660 2612 1721 eoque
2626 1661 2730 1702 us·

511 1738 633 1816 jori
661 1739 898 1800 Florum
917 1737 1117 1800 affecit
1135 1736 1447 1810 beneficio,
1466 1737 1655 1797 voluit
1675 1746 1838 1798 certe
1853 1736 2116 1798 afficere.
2193 1738 2479 1817 Namque
2509 1740 2729 1801 Samuel

519 1836 802 1897 Sciassius
850 1837 1197 1916 impetrarat
1230 1833 1420 1904 facile,
1466 1844 1535 1895 ut
1579 1844 1777 1913 posset
1826 1844 1941 1894 tres
1987 1834 2141 1894 iuius
2186 1834 2438 1897 codices
2487 1839 2728 1918 scriptos

517 1953 877 2012 componere
926 1952 1063 1993 cum
1103 1932 1271 1992 editis
1315 1931 1516 1994 libris:
1563 1951 1700 2011 quae
1729 1930 1963 1992 Sciassii
1992 1933 2296 2012 Excerpta
2325 1953 2472 1993 cum
2503 1937 2728 1995 Graevio

516 2032 973 2092 communicavit
1019 2040 1426 2091 ornamentum
1474 2029 1628 2090 illud
1674 2029 2016 2091 Germaniae
2063 2040 2248 2109 atque
2293 2031 2492 2092 decus
2542 2035 2723 2095 saeculi

514 2132 629 2204 sui,
674 2120 1067 2210 Marq'uardus
1093 2129 1354 2202 Gudius,
1385 2130 1562 2206 cujus
1587 2129 1974 2190 eruditionem
2019 2149 2210 2189 raram
2259 2137 2325 2189 et
2367 2131 2723 2211 exquisitum,

514 2250 589 2290 an
620 2229 877 2290 studium
898 2226 1151 2304 juvandi
1180 2228 1366 2287 bonas
1404 2227 1630 2288 litteras
1661 2227 1984 2307 singulare,
2031 2228 2299 2289 admirer
2347 2231 2538 2310 magis
2561 2242 2728 2312 atque

515 2326 853 2406 suspiciam,
884 2326 1107 2387 nescio.
1192 2326 1369 2385 Certe
1398 2334 1711 2403 utramque
1737 2325 1889 2384 hanc
1922 2325 2198 2386 virtutem
2227 2327 2500 2405 aliasque
2525 2328 2591 2389 iis
2615 2350 2723 2391 ma·

506 2424 671 2502 jores
701 2423 791 2483 vel
822 2422 963 2483 solae
987 2421 1104 2481 illae
1132 2420 1421 2499 epistolae,
1453 2440 1601 2499 quas
1628 2440 1662 2481 a
1692 2441 1905 2501 magno
1953 2424 2298 2483 Bur-manno
2347 2425 2572 2485 scimus
2611 2446 2724 2486 esse

516 2521 734 2593 editas,
769 2519 1008 2580 abunde
1037 2521 1377 2599 loquuntur.
1461 2517 1582 2578 Sed
1615 2520 1891 2598 Graevius
1919 2519 2021 2580 illo
2053 2519 2352 2582 beneficio
2381 2523 2574 2582 Gudii
2617 2544 2724 2584 uon

518 2620 755 2681 videtur
782 2620 863 2679 ita
892 2638 1035 2678 usus
1062 2637 1213 2687 esse,
1246 2627 1311 2676 ut
1337 2615 1674 2677 consuleret
1724 2616 1896 2677 saluti
1945 2617 2233 2679 librorum
2279 2619 2446 2679 Flori
2481 2621 2723 2681 omniuo-

515 2738 633 2798 que
662 2717 998 2777 literarum:
1030 2734 1164 2776 nam
1196 2714 1387 2793 primo
1416 2714 1564 2773 mira
1603 2713 1921 2775 lectionum
1950 2716 2226 2795 paucitas
2266 2717 2417 2777 satis
2448 2717 2718 2790 declarat,

513 2815 831 2875 admodum
860 2815 1126 2892 exiguam
1157 2813 1383 2873 illarum
1412 2821 1643 2892 partem
1674 2833 1802 2874 esse
1848 2813 1927 2873 ab
1971 2834 2047 2874 eo
2073 2815 2401 2894 prolatam,
2454 2836 2591 2877 cum
2633 2816 2724 2875 de·

518 2912 741 2973 buisset
768 2913 826 2972 in
854 2911 1048 2972 medio
1074 2930 1299 2991 ponere
1340 2930 1582 2970 onmes:
1626 2910 1842 2971 deinde
1873 2930 1989 2971 nou
2016 2911 2284 2973 distinxit
2323 2915 2472 2974 satis
2497 2914 2720 2975 codices

515 3030 657 3072 suos
686 3009 983 3083 Graevius‚
1015 3021 1081 3069 ut
1120 3007 1336 3069 scirent
1362 3009 1606 3087 poster-k
1649 3028 1786 3088 quae
1835 3019 2033 3070 essent
2079 3010 2369 3071 lectiones
2420 3014 2716 3093 cujusque.

514 3108 744 3169 Laudat
773 3107 924 3168 enim
957 3106 1137 3168 modo
1164 3106 1402 3167 Sciussii
1444 3106 1737 3180 codicem,
1766 3108 1948 3167 modo
1977 3108 2250 3186 Regium,
2279 3110 2468 3171 modo
2515 3112 2718 3173 Gudia-

510 3224 651 3265 num
685 3205 776 3265 vel
805 3205 1154 3284 simpliciter
1181 3205 1271 3265 vel
1300 3204 1558 3282 adjectis
1585 3206 1897 3276 numeris,²
1939 3205 2146 3285 idque,
2187 3216 2258 3268 ut
2281 3208 2433 3280 dixi,
2475 3228 2715 3289 petru-o.

509 3300 786 3361 Ceterum
813 3321 889 3363 an
918 3300 1183 3362 diversus
1209 3302 1287 3361 ab
1316 3301 1405 3360 his
1436 3301 1749 3362 codicibus
1776 3303 1856 3363 sit
1883 3303 1998 3374 ille,
2041 3324 2314 3383 quocum
2365 3307 2524 3368 idem
2559 3308 2715 3368 Gre-

509 3396 644 3457 vius
672 3398 1002 3458 Puteauum
1022 3400 1246 3459 narrat³
1305 3398 1687 3460 contendisse
1716 3401 1932 3461 librum
1959 3400 2226 3462 historiae
2257 3403 2420 3464 Flori
2451 3407 2713 3485 primun,

508 3512 624 3555 uon
651 3503 908 3556 constat.
995 3499 1193 3576 Atque
1224 3506 1314 3556 tot
1341 3497 1583 3576 quidem
1611 3498 1856 3559 codices
1893 3501 2159 3561 franciae
2187 3503 2454 3583 patuisse
2502 3501 2712 3582 πραῢ

506 3591 833 3655 editoribus
861 3594 1117 3655 omnium
1148 3594 1434 3655 librorum
1468 3598 1696 3657 Annaei.
1779 3598 2077 3659 Praeterea
2102 3609 2166 3659 et
2194 3600 2276 3660 ab
2299 3602 2431 3661 Jac.
2468 3603 2710 3679 Bougar*

506 3689 619 3751 sio⁴
650 3703 710 3750 et
757 3710 794 3751 a
826 3692 1413 3757 FranciscoJuretoS
1467 3705 1528 3756 et
1559 3695 1637 3754 ab
1663 3695 1896 3757 Jacobo
1926 3693 2217 3774 Cujacio⁶
2259 3716 2706 3760 commemora·-

507 3798 605 3851 tur
629 3789 761 3852 libri
790 3802 1012 3852 veteres
1055 3793 1237 3869 flori,
1291 3817 1442 3876 quos
1472 3793 1755 3857 Graevius
1784 3801 1843 3854 et
1874 3794 2158 3855 Dukerus
2203 3797 2501 3876 putabant
2540 3794 2698 3859 fui-e

1470 3957 1678 4008 NOTAE

572 4085 596 4131 1
634 4081 746 4130 vid.
769 4085 1289 4154 vinetusd.1.p.1oo.
1313 4095 1560 4141 178.220.
1714 4098 1743 4139 4
1779 4089 1856 4137 Ad
1880 4087 2054 4137 Justin.
2079 4091 2205 4152 proh
2229 4096 2307 4143 28»

568 4149 601 4192 2
636 4144 748 4194 Vid.
768 4146 984 4199 Graevins
1018 4156 1078 4201 ad
1104 4170 1138 4202 1.
1160 4171 1352 4219 prooem.
1378 4162 1424 4207 8.
1455 4173 1492 4204 1.
1516 4161 1561 4206 l.
1713 4161 1742 4203 5
1777 4152 1854 4202 Ad
1873 4154 2148 4217 symmach.
2175 4174 2213 4203 1.
2234 4174 2310 4221 ep.
2331 4161 2410 4206 46.

509 4211 586 4256 14.
612 4222 643 4253 ι.
670 4214 744 4258 18.
767 4216 847 4259 24.
870 4214 960 4263 διο.
1710 4225 1743 4268 G
1777 4220 2044 4268 observatu
2070 4235 2120 4266 v·
2143 4225 2192 4271 8.

571 4274 602 4319 ³
635 4271 715 4320 Ad
735 4289 769 4321 ι.
789 4290 978 4337 prooem.
1001 4286 1049 4331 2.
1904 4308 1910 4315 ·
