2950 4892
673 451 739 504 ι..
784 451 1041 505 Anum
1091 450 1312 503 nont
1363 451 1509 502 mn.
1557 453 1673 503 ιιι.
1719 453 1883 506 cAr.
1928 441 2034 513 23.

222 597 384 650 verba
406 597 618 666 sod-nt,
651 607 710 652 et
745 603 879 667 quod.
956 594 1062 652 Sed
1100 600 1166 651 de
1201 600 1285 651 his

223 676 351 725 nihii
388 679 706 743 pronuncio:
742 678 879 745 quod
921 680 1046 730 satis
1083 685 1286 730 certum

221 766 334 802 csse
379 761 529 818 puto,
569 755 685 806 hec
728 769 931 822 quoque
984 761 1128 806 reete
1183 754 1286 807 dici

219 843 394 893 posse.
427 831 546 883 Vid.
563 834 686 884 clar.
705 832 979 885 Drakeub.
993 834 1060 884 ad
1080 834 1190 887 Liv.
1203 848 1282 885 w.

220 909 306 957 Β.
330 911 416 957 12.
479 911 564 959 Ad
594 910 764 962 bellum
794 910 1129 962 revocabam
1165 912 1282 963 Pal.

220 985 267 1032 2.
289 990 347 1034 et
366 985 519 1035 Voss.
541 989 592 1036 8.

286 1060 1140 1130 mmmmaduretomeu]
1176 1063 1285 1131 Ap-

218 1145 375 1202 paret
396 1139 571 1205 igitur,
593 1156 697 1191 nou
719 1142 858 1193 idem
891 1148 908 1172 ‘
921 1144 1014 1208 jus
1031 1142 1047 1167 '
1069 1158 1207 1208 esee,
1227 1145 1284 1194 et

215 1213 482 1277 ‘justum’
546 1218 562 1245 ‘
584 1217 710 1269 Jus’
733 1221 871 1269 enim
895 1219 1192 1286 positivum,
1224 1225 1287 1272 ut

215 1292 505 1357 appellant,
561 1307 594 1344 a
641 1295 875 1360 jubendo
916 1296 1143 1361 dictum3
1197 1299 1286 1348 lex

216 1374 324 1431 est,
362 1369 583 1422 arbitrio
620 1372 927 1436 imperantis
967 1374 1104 1425 lata:
1156 1389 1286 1440 qua-

216 1454 439 1510 propter
475 1448 671 1512 evenit,
709 1455 768 1499 ut
807 1451 937 1499 tales
976 1451 1283 1515 plerumque

215 1521 360 1586 leges
405 1523 526 1586 sint,
569 1526 748 1590 quales
798 1540 974 1576 earum
1018 1532 1282 1578 auctores.

215 1599 445 1664 Egregia
481 1607 564 1651 est
595 1602 648 1652 iu
685 1602 820 1654 hauc
855 1617 966 1654 rem
997 1604 1284 1670 disputatio

215 1674 509 1728 Alcibiadis
526 1687 582 1730 et
594 1679 839 1744 Periclis,
870 1696 954 1746 ap.
971 1683 1104 1733 Xeu.
1122 1684 1283 1734 Mem.

211 1751 302 1802 lib.
331 1757 380 1802 1.
421 1767 473 1817 p.
495 1758 610 1807 718.
659 1771 811 1822 quam
847 1765 1053 1809 attente
1088 1759 1282 1823 legisse

213 1833 269 1877 et
285 1829 665 1895 considerasse,
677 1847 848 1897 operae
862 1836 1083 1899 pretium
1103 1833 1280 1887 fuerit.

212 1905 365 1970 Ideo,
404 1909 685 1959 secuudum
721 1911 833 1962 Cic.
875 1912 942 1963 de
979 1911 1174 1978 Leg.1,
1199 1919 1278 1966 15.

208 1983 228 2010 ‘
249 1985 624 2045 Stultissimum
661 1994 762 2051 est,
794 1989 1090 2043 existimare
1112 1993 1283 2042 omnia

200 2061 351 2123 justa
374 2076 509 2126 esse,
546 2078 664 2128 quae
697 2066 831 2115 scita
861 2066 965 2117 siut
989 2067 1039 2115 in
1063 2069 1282 2133 populo-

210 2149 327 2187 rum
372 2138 629 2189 institutis
671 2146 727 2190 et
771 2141 1018 2207 legibus?
1102 2143 1279 2195 Quare

209 2217 400 2279 pulcre
423 2217 476 2266 in
499 2217 535 2267 1.
563 2222 674 2268 188.
697 2218 763 2269 de
788 2219 852 2269 R.
870 2219 920 2271 J.
943 2219 1143 2271 dictum
1167 2228 1276 2272 est:

208 2294 225 2320 ⁶
248 2293 368 2344 Etsi
408 2292 530 2343 nibil
566 2292 721 2345 facile
757 2295 1055 2347 mutandum
1094 2304 1176 2348 est
1211 2310 1280 2348 ex

208 2370 540 2420 solennibus:
581 2378 755 2422 tamen
794 2372 883 2423 ubi
919 2374 1136 2439 aequitaa
1172 2374 1279 2424 evi-

207 2446 340 2498 dens
357 2448 551 2513 poscit,
564 2449 971 2500 subveniendum
991 2450 1106 2502 est!
1137 2451 1279 2502 Hinc

206 2524 544 2589 intelligitur,
578 2526 701 2592 quid
740 2527 794 2576 in
832 2527 1004 2579 animo
1040 2528 1282 2580 habuerit

204 2601 327 2652 Tac.
354 2604 412 2663 8,
431 2606 517 2665 27,
537 2606 585 2652 2.
608 2617 724 2653 cum
752 2607 828 2654 12.
854 2603 1058 2654 tabulas
1086 2603 1103 2631 ‘
1124 2603 1279 2655 finem

207 2680 343 2743 equi
355 2679 497 2743 juris
515 2682 530 2704 ⁹
561 2678 782 2731 diceret.
844 2678 1018 2732 Affine
1041 2687 1122 2732 est
1142 2681 1279 2747 huic,

207 2755 350 2820 quod
375 2756 432 2804 iu
456 2755 493 2805 l.
517 2769 640 2821 peu.
674 2757 739 2807 de
759 2758 903 2809 Just.
935 2763 993 2808 et
1013 2758 1131 2810 Jur.
1155 2758 1280 2809 scri-

207 2831 360 2882 bitur
375 2850 393 2884 ι
430 2834 446 2861 ‘
469 2832 756 2884 Praetorem
770 2828 861 2900 jus
886 2835 1092 2899 dicere,·
1119 2836 1279 2886 etiam

200 2925 321 2962 cum
343 2910 528 2975 inique
562 2910 833 2962 decernit-⁹
869 2912 1090 2963 steinsh.
1153 2913 1280 2963 Sall.

203 2999 269 3038 11.
314 2986 383 3037 de
427 2988 563 3051 Rep.
603 2985 738 3039 Ord.
779 2988 938 3053 Sylla
969 2990 988 3019 ‘
1013 2990 1187 3041 omnia
1225 2990 1281 3039 iu

202 3063 434 3115 victoria
456 3063 572 3128 lege
589 3062 715 3114 belii
740 3064 1034 3117 licuerunt?
1095 3065 1282 3132 Itaque

202 3140 444 3203 dicebat,
477 3145 494 3170 ‘
518 3154 576 3190 se
602 3142 836 3206 praedam
854 3157 997 3192 suam
1017 3143 1281 3194 vendere!

203 3216 322 3268 Cic.
344 3228 415 3266 11.
443 3214 554 3266 Off.
578 3220 627 3267 8.
649 3223 705 3267 et
727 3230 813 3269 nr.
846 3220 997 3270 Verr.
1023 3221 1105 3270 85.
1143 3219 1281 3272 Add.

200 3293 508 3359 Schultiog.
545 3294 612 3344 ad
631 3295 772 3345 ’Sem
795 3293 1044 3347 controv.
1067 3309 1106 3347 1.
1174 3296 1278 3347 Sed

198 3385 306 3421 nou
324 3372 460 3422 satis
484 3371 723 3437 intelligo
734 3373 873 3424 hunc
889 3374 1056 3423 locum
1075 3389 1089 3423 ι
1123 3385 1282 3439 quau-

197 3447 492 3514 doquidem
525 3463 629 3499 nou
669 3464 877 3514 possum
920 3449 1116 3513 videre,
1152 3464 1280 3516 quo·

113 3568 122 3576 .
198 3525 361 3576 modo
378 3526 649 3576 cohaereat
661 3526 773 3577 haec
794 3527 979 3586 oratio,
999 3541 1141 3591 qum
1160 3527 1284 3578 bono

197 3602 381 3652 civium
407 3633 486 3652 υ.
507 3602 628 3651 mole
661 3607 806 3666 copta
826 3639 841 3653 .
862 3635 877 3652 .
897 3636 910 3652 .
931 3604 1155 3668 repetitio
1203 3619 1279 3654 eo·

194 3691 308 3728 m
331 3709 348 3726 .
368 3711 426 3728 ..
469 3677 528 3727 Sl
563 3677 850 3729 addidisset
888 3680 1071 3730 Florus
1111 3685 1278 3745 mont,

195 3754 533 3818 velsnn‘ssent,
569 3753 744 3820 aliqua
780 3753 922 3805 foret
961 3756 1014 3806 in
1049 3756 1128 3806 bis
1163 3770 1278 3807 sen·

195 3833 397 3895 tentia,
432 3845 530 3882 nec
565 3838 758 3894 tamen,
796 3843 857 3883 ιιι
892 3833 1020 3883 mihi
1051 3833 1277 3897 videtur,

194 3909 360 3960 valde
402 3907 558 3959 bona.
620 3908 813 3958 Tollius
846 3909 1068 3974 putabat
1093 3909 1278 3959 deesse

192 3985 484 4047 menuae,
498 3992 556 4035 et
571 3984 923 4049 adscripserat
943 3977 1114 4036 locum
1137 3985 1278 4035 Flori

191 4075 276 4115 ιν.
299 4066 390 4114 12.
415 4064 499 4110 52.
524 4069 581 4111 et
598 4061 721 4112 Sall.
746 4073 785 4113 1.
811 4062 1014 4112 Hister.
1047 4062 1100 4112 iu
1125 4063 1277 4113 Orat.

193 4138 418 4203 lepidio
486 4136 707 4199 Habuit,
729 4138 930 4203 opinor,
952 4145 1075 4189 aute
1100 4139 1277 4189 oculos

191 4214 372 4267 verba
390 4212 586 4276 Lepidi
601 4229 620 4262 ι
647 4215 666 4242 ⁸
685 4214 835 4264 Boua
853 4214 1046 4265 civium
1064 4216 1279 4265 misero·

191 4307 335 4355 rum,
371 4289 532 4355 quasi
564 4289 875 4342 Cimbricam
909 4293 1159 4357 predam,
1189 4307 1278 4343 ve·

193 4381 352 4433 num,
386 4372 491 4416 aut
527 4364 666 4417 douo
701 4366 862 4422 data?
943 4368 1127 4423 Refert
1166 4369 1279 4420 baec

2289 437 2425 510 955

1356 601 1569 663 quumvis
1601 603 1722 652 mule
1756 606 1913 667 apto,
1934 603 2055 663 jure
2088 607 2265 666 tamn,
2300 601 2427 654 cum'

1358 676 1472 726 aliis
1491 677 1556 727 ad
1574 677 1788 742 Syllam.
1853 676 1955 729 Sed
1973 679 2124 731 valde
2138 680 2338 744 dubito,
2354 695 2425 731 au

1359 766 1422 802 ea
1444 753 1615 817 potius
1633 755 1929 818 pertineant
1944 755 2011 805 ad
2026 755 2159 821 ilios,
2179 757 2267 821 qui
2285 757 2423 808 bona

1360 830 1770 895 proscriptorum
1825 840 2111 884 emerant.·
2162 833 2300 884 Nam
2354 834 2422 884 de

1360 907 1507 971 Sylla
1537 904 1849 973 sufficiebat,
1886 910 2022 975 quod
2046 911 2267 975 dixerat,
2302 925 2425 961 eum·

1347 983 1471 1048 jure
1516 982 1641 1034 belli
1685 986 2046 1050 proscripsisse
2087 987 2321 1040 inimicos
2364 995 2424 1039 et-

1358 1060 1494 1111 boua
1516 1075 1694 1112 eorum
1728 1062 2006 1115 addixisse.
2071 1065 2261 1132 Itaque
2291 1072 2423 1131 puto

1361 1138 1535 1202 potius
1572 1138 1847 1204 excidisse,
1883 1143 2254 1208 possiderentur,
2292 1149 2427 1195 tene*

1357 1219 1541 1280 rentur,
1578 1216 1659 1266 vel
1697 1216 1836 1267 aliud
1865 1221 2081 1270 verbum
2116 1221 2189 1270 illi
2214 1227 2425 1272 senteu-

1361 1291 1452 1341 tiae
1486 1292 1817 1342 couveniens.
1907 1294 2078 1345 Etiam
2120 1302 2421 1361 suspectum

1359 1375 1440 1419 est
1460 1374 1617 1432 copta.
1683 1369 1805 1419 Sive
1843 1369 1983 1420 euim
2019 1371 2085 1421 de
2121 1372 2290 1436 Sylla,
2309 1372 2420 1422 sive

1357 1444 1423 1495 de
1446 1444 1736 1496 sectoribus
1764 1445 1877 1496 haec
1914 1447 2158 1511 accipian,
2195 1448 2320 1497 satis
2343 1449 2421 1497 in«

1355 1522 1529 1571 solens
1550 1513 1831 1587 erit‘geu'us
1851 1523 2096 1588 loquendi
2115 1536 2281 1588 capere
2300 1523 2419 1574 bono

1354 1596 1547 1649 ciuium.
1608 1598 1823 1649 Mallem
1842 1601 2098 1665 scriptum
2115 1600 2297 1652 fuisset
2307 1616 2425 1666 par·

1354 1681 1427 1728 ta.
1495 1678 1630 1728 Molo
1663 1685 1822 1744 porto,
1858 1694 1972 1744 pro,
2022 1680 2278 1746 improba,
2314 1696 2419 1732 nou

1357 1751 1514 1817 bona,
1565 1769 1669 1804 uec
1706 1754 1947 1806 laudabili
1990 1756 2190 1807 ratione
2233 1765 2417 1822 parta:

1355 1836 1416 1880 ut
1432 1829 1487 1880 iu
1506 1830 1595 1881 illo
1608 1831 1788 1882 Plauti
1803 1833 1955 1884 Poen.
1976 1848 2054 1887 tv.
2067 1839 2117 1886 2.
2134 1839 2218 1887 22.
2239 1835 2257 1865 ‘
2274 1835 2417 1888 Male

1356 1913 1562 1972 partum
1598 1910 1734 1959 male
1774 1909 1993 1975 disperit
2005 1911 2039 1974 ς’
2095 1920 2150 1962 et
2184 1913 2239 1962 iu
2276 1912 2423 1965 dicto

1356 1983 1549 2049 Naevii,
1585 1984 1724 2050 quod
1765 1986 1954 2037 Cicero
1976 2000 2037 2037 ιι.
2073 1988 2213 2039 Phil.
2230 1993 2319 2039 27.
2351 1989 2419 2040 ad

1355 2062 1626 2113 auctiones
1677 2064 1842 2113 hastae
1898 2064 2176 2116 transfert:
2235 2069 2251 2096 ‘
2276 2068 2423 2119 Male

1355 2143 1513 2203 parta.
1543 2139 1677 2189 male
1718 2138 2050 2191 dilabuutur)
2117 2142 2421 2209 Improbum

1354 2222 1529 2265 autem
1547 2212 1705 2266 fuisse
1726 2216 1960 2267 habitum
1983 2233 2014 2268 e
2037 2219 2215 2283 spoliis
2228 2220 2419 2270 civium

1354 2294 1771 2359 proscriptorum
1811 2309 1938 2360 opes
1976 2310 2300 2359 comparare,
2339 2313 2421 2348 os·-

1355 2369 1529 2420 tendit
1569 2369 1773 2433 Cicero,
1814 2371 1901 2436 qui
1941 2383 2007 2422 ιι.
2050 2371 2188 2423 Phil.
2218 2378 2302 2423 26.
2337 2385 2416 2423 vr.

1354 2446 1549 2497 Parad.
1573 2452 1625 2497 2.
1662 2455 1717 2498 et
1741 2448 1868 2498 alibi
1901 2461 2045 2513 saepe
2081 2449 2344 2501 invehitur
2364 2452 2417 2500 in

1354 2539 1466 2589 eos,
1500 2525 1587 2591 qui
1613 2525 1679 2575 ad
1709 2526 1905 2576 hastam
1939 2527 2096 2591 Syllae
2118 2534 2175 2577 et
2196 2528 2421 2579 Caesaris

1353 2610 1698 2667 accesserant,
1738 2611 1793 2653 et
1833 2617 1903 2653 ιι.
1944 2602 2052 2654 Off.
2090 2608 2140 2654 8.
2185 2604 2419 2668 perditos

1356 2685 1528 2730 vocat.
1594 2678 1700 2729 Sed
1739 2685 1932 2742 tamen,
1974 2693 2283 2744 quamquam
2322 2680 2419 2730 boc

1354 2769 1516 2821 genus
1533 2759 1759 2820 quaestus
1778 2755 2065 2819 improbum
2086 2757 2421 2821 erat,Florur

1352 2831 1485 2883 dicit
1505 2831 1642 2883 bona
1660 2832 1870 2893 inajure
1881 2838 2023 2897 porto
2035 2831 2211 2897 fuisse,
2230 2833 2419 2884 eodem

1353 2924 1430 2961 sc.
1463 2924 1569 2975 quo
1604 2925 1636 2960 a
1670 2909 1815 2976 Sylla
1843 2910 2063 2961 vendita
2094 2917 2263 2962 eraut.
2328 2912 2421 2962 Sic·

1355 2985 1583 3052 Lepidus
1624 3002 1709 3052 ap.
1743 2988 1872 3040 sm.
1906 2989 1943 3038 1.
1966 2988 2018 3039 d.
2051 2986 2421 3053 ‘Atqneilla,'
2528 2995 2532 3008 ·

1352 3063 1540 3130 iuquit,
1571 3066 1589 3095 ‘
1608 3079 1723 3130 quae
1742 3073 1850 3115 tum
1871 3063 2141 3115 formidine
2158 3070 2419 3116 mercatus

1352 3157 1483 3205 sum,
1517 3143 1689 3208 pretio
1711 3143 1900 3207 soluto,
1926 3143 2069 3208 jure,
2097 3139 2318 3193 dominis
2341 3150 2419 3193 ιν

1351 3233 1473 3270 meu
1511 3218 1771 3271 restituo.’
1834 3219 2075 3270 Addicere
2107 3233 2264 3284 porro
2301 3231 2421 3269 ver*

1352 3297 1473 3348 bum
1507 3304 1591 3348 est
1629 3299 1925 3349 auctionum
1963 3306 2021 3349 et
2055 3296 2415 3348 venditionum

1352 3377 1459 3424 tam
1503 3374 1849 3439 publicarum,
1889 3388 2043 3440 quam
2079 3374 2417 3439 privatarum

1351 3451 1497 3502 Suet.
1539 3452 1674 3503 (ζει.
1707 3464 1755 3501 ι..
1801 3453 1818 3480 ‘
1842 3449 2178 3515 Amplissima
2216 3451 2419 3515 praedia

1351 3542 1418 3578 ex
1453 3528 1777 3579 auctionibus
1812 3528 1975 3577 hastoe
2013 3526 2063 3577 ei
2097 3541 2303 3577 nummo
2327 3527 2419 3576 ad‹

1351 3604 1524 3654 dixit?
1568 3639 1571 3642 Δ
1610 3605 1680 3654 Et
1736 3603 1875 3669 Aug.
1915 3615 2075 3654 xxw.
2132 3611 2189 3654 et
2249 3603 2415 3668 Caliga

1351 3691 1602 3732 xxxvm.
1638 3681 1749 3733 Cic.
1789 3695 1884 3745 pro
1923 3682 2113 3732 Caecin.
2150 3694 2207 3730 v,
2239 3687 2296 3729 et
2334 3693 2411 3731 vr.

1350 3758 1366 3786 ‘
1389 3758 1561 3809 Quum
1584 3764 1726 3807 esset
1752 3757 1866 3807 haec
1900 3757 2073 3807 auctio
2094 3754 2415 3804 hereditaria

1351 3832 1638 3883 constituta
1662 3867 1676 3883 .
1693 3867 1706 3882 .
1721 3867 1735 3881 .
1759 3832 1909 3883 adest
1932 3830 1997 3880 ad
2021 3830 2267 3892 tabulam,
2290 3831 2415 3881 lice·

1352 3916 1440 3959 tur
1482 3905 1725 3959 AEbutius
1769 3939 1816 3958 .-

1350 3984 1597 4035 AEbutim’
1660 3985 1879 4034 Petron.
1900 3996 2017 4033 xm.
2049 3984 2181 4035 ‘Vel
2200 3984 2414 4037 minoris

1350 4061 1563 4126 pallium
1599 4058 1841 4109 addicere
1877 4058 2113 4125 placuit!
2177 4061 2327 4113 Voss.
2359 4067 2409 4113 2.

1349 4137 1570 4203 repetitio
1589 4137 1901 4202 eorumfleret
1919 4139 2081 4201 procul
2100 4139 2155 4188 d,

1354 4241 1358 4248 ·
1421 4211 1784 4278 Lobet‘octabut]
1814 4213 1926 4263 Cic.
1945 4227 2012 4263 ιι.
2037 4209 2245 4265 Offiffl.
2278 4217 2293 4244 ‘
2319 4217 2415 4266 La.

1349 4288 1616 4341 befactaut
1634 4286 1973 4339 fundamenta
1995 4287 2259 4354 Reipnbie
2288 4298 2346 4340 et
2367 4303 2411 4340 r.-

1351 4365 1506 4418 Catil.
1533 4370 1583 4417 1.
1613 4365 1630 4394 ‘
1647 4363 1725 4417 Τί.
1765 4363 2055 4417 Gracchum
2077 4364 2411 4416 mediocriter

1834 3938 1882 3959 ..
1916 3905 2107 3957 fundus
2151 3907 2414 3959 addicitur
2498 3941 2504 3948 -
