2950 4892
495 324 704 407 870'

495 490 783 560 particulis,
801 499 954 564 proli!
990 500 1053 550 o!
1091 498 1310 552 Inferius
1331 496 1581 567 cap.21.'

492 572 508 598 ‘
530 573 666 623 Nam
688 574 982 627 Sulmonem
1025 583 1174 627 vetus
1198 572 1445 642 oppidum
1473 586 1575 629 so·'

492 639 630 699 cium
673 656 830 715 atque
864 653 1084 704 amicum
1128 652 1347 718 (facinus
1385 656 1554 718 indig-

489 740 611 776 num
632 726 672 793 2)
726 730 951 782 nondum
1006 733 1397 797 expugnatum!
1482 735 1554 784 Et

490 818 607 869 cap.
625 809 673 855 8.
709 806 726 835 6
751 808 868 859 Quo
883 807 1064 874 (fidem
1077 810 1340 859 numinum
1359 809 1398 875 2)
1420 825 1552 875 prae-

488 881 561 930 lio
589 884 894 947 oppressit!
961 886 1033 936 Et
1052 900 1093 948 r,
1113 891 1193 936 ll.
1228 888 1245 915 6
1268 887 1358 938 Sic
1390 886 1571 952 expe·'

488 954 690 1007 ditione
709 956 859 1009 finita
898 959 1055 1010 rediit
1091 962 1158 1010 ad
1196 962 1354 1013 boves
1378 977 1551 1014 rursus

486 1030 812 1096 triumphalis
866 1035 1114 1100 agricola,
1162 1035 1343 1102 (fidem
1388 1038 1551 1088 numi·

484 1120 606 1156 num
622 1108 660 1171 l)
676 1124 778 1173 qua
793 1111 1124 1162 velocitatei·
1138 1114 1389 1179 Exempla
1400 1117 1551 1179 plura

486 1182 685 1247 legenti
728 1185 867 1236 hunc
910 1188 1218 1253 scriptorem
1273 1200 1551 1243 occurrent

485 1261 696 1324 passim.
792 1264 859 1315 N.
899 1264 1144 1317 Heinsius
1199 1277 1458 1334 praeterea
1495 1271 1547 1321 in

479 1334 818 1399 sequentibus
864 1339 968 1390 vias
1019 1343 1229 1394 delend.
1283 1346 1436 1409 vidit,
1492 1354 1548 1399 et

479 1409 691 1474 legend.
730 1428 817 1476 per
857 1415 1009 1465 invios
1048 1419 1274 1469 onmium·
1311 1425 1549 1483 tinnulos,-

478 1485 688 1537 intactas
718 1490 846 1539 nives
883 1496 1106 1557 expedita
1137 1511 1279 1546 mana
1310 1514 1548 1551 emensus.-

479 1561 587 1611 οἱα
609 1570 786 1615 natum
810 1575 990 1619 censet
1024 1584 1090 1619 ex
1125 1573 1140 1599 6
1166 1573 1365 1623 invios'
1411 1591 1546 1640 prae·

479 1638 596 1687 ced.
648 1642 663 1668 6
705 1640 929 1694 Intactae
975 1647 1153 1696 nives'
1225 1650 1413 1716 ubique
1459 1668 1565 1717 ap.-

477 1714 664 1776 poiitas
702 1731 996 1772 occurrere.
1053 1724 1218 1774 Mart.
1273 1729 1288 1755 6
1315 1727 1387 1779 Et
1418 1734 1546 1792 toga

477 1803 582 1839 non
608 1795 777 1842 tactas
802 1796 1010 1848 vincere
1023 1799 1178 1863 jussa
1211 1803 1391 1853 nivea!
1452 1807 1544 1857 Sic

477 1864 665 1917 Heius.
688 1875 743 1918 et
776 1880 940 1923 recte.
1007 1877 1140 1927 Nam
1173 1879 1189 1907 6
1213 1882 1414 1931 emetiri
1440 1890 1543 1933 ter·

478 1942 603 2006 ras‚’
620 1943 638 1972 ‘
655 1953 855 1998 montes
869 1949 883 1972 ⁹
900 1951 1086 2003 Latine
1102 1955 1325 2008 scientes
1342 1958 1543 2023 dicunt,

474 2020 664 2069 emetiri
698 2038 786 2086 per
807 2026 906 2077 loca
930 2028 1052 2093 quid
1076 2031 1145 2081 sit
1168 2047 1319 2084 nemo
1351 2036 1541 2087 intelli-

475 2093 571 2157 git.
622 2096 793 2149 Recte
827 2100 940 2152 Pal.
963 2108 1013 2153 2.
1051 2121 1144 2169 per·
1170 2109 1376 2159 wactas
1410 2112 1544 2161 nive·

473 2171 698 2235 expedita
719 2189 861 2226 »nana
881 2192 1100 2245 emersas,
1117 2182 1252 2246 quod
1279 2185 1466 2249 probat
1483 2192 1541 2236 et

472 2248 710 2312 pluribus
729 2254 960 2307 vindicat
975 2259 1208 2311 Freinsh.
1227 2277 1378 2327 quem
1402 2264 1555 2316 vide.·

478 2323 644 2375 Graev.
712 2329 840 2379 Aliis
874 2335 1185 2398 conjecturis
1208 2339 1345 2388 hunc
1367 2341 1538 2392 locum

471 2408 644 2454 tentat
661 2407 818 2459 Salm.
838 2412 1006 2475 Epist.
1024 2426 1199 2465 cxxrr.
1242 2417 1410 2481 Ryck.
1442 2419 1539 2470 Sed

467 2479 552 2530 ille
574 2488 679 2532 erat
693 2485 900 2547 quusiad
921 2491 1139 2539 nuncium
1162 2492 1236 2540 rei
1241 2492 1539 2552 felicissima

466 2560 773 2610 temeritatis.
811 2564 989 2614 Ceteri
1009 2567 1192 2631 scripti
1215 2583 1319 2619 non
1339 2571 1539 2623 abeunt

467 2646 503 2682 a
534 2636 761 2700 vulgata.
830 2640 1086 2692 Gronovii
1126 2646 1416 2697 emendatio
1451 2655 1536 2699 eat

464 2706 517 2757 in
542 2709 678 2762 illius
706 2713 794 2764 lib.
819 2728 882 2766 u.
920 2716 1050 2768 Obs.
1088 2733 1136 2768 c.
1159 2725 1240 2771 25.
1304 2722 1408 2772 Sed
1434 2737 1532 2788 pro

464 2799 568 2836 rem
588 2787 659 2837 ibi
690 2796 772 2840 est
805 2806 900 2843 res.
965 2793 1271 2848 Perizonius
1305 2800 1535 2852 malebat

465 2879 581 2915 cum
605 2866 764 2918 Salm.
787 2870 1073 2931 felicissima
1094 2875 1394 2939 :tanei-itate.
1464 2882 1536 2931 Et

466 2939 542 2991 sic
564 2943 751 2995 Heius.
772 2945 825 2995 in
858 2948 994 2999 libro
1016 2965 1110 3001 suo
1141 2950 1341 3004 fecerat
1373 2969 1404 3005 e
1427 2956 1537 3005 vul·

465 3024 606 3082 gato,
637 3028 798 3087 atque
830 3024 1048 3091 insuper
1069 3032 1213 3093 quali.
1280 3033 1394 3083 Nec
1430 3035 1534 3084 Ru·

463 3101 618 3157 perto
658 3097 901 3161 displicet
921 3103 1202 3164 felicissima
1233 3110 1536 3161 temeritate:

465 3167 561 3216 sed
586 3169 804 3232 praefert
822 3180 996 3228 tamen
1017 3181 1372 3245 conjecturam
1397 3186 1549 3236 Gro-·

464 3242 627 3305 novii,
659 3244 709 3293 in
734 3261 835 3310 qua
856 3258 1002 3303 certe
1024 3262 1106 3304 est
1130 3258 1312 3319 genius
1348 3260 1533 3311 dictio·

463 3316 544 3366 nis
566 3319 723 3368 Flori.
782 3323 950 3378 Qualis
970 3335 1073 3379 emt
1098 3334 1213 3381 eod.
1237 3335 1390 3386 modo
1410 3337 1534 3403 dici,

464 3406 568 3457 quo
602 3394 616 3421 6
642 3394 754 3457 Ut:
784 3405 841 3448 et
871 3402 886 3428 6
914 3401 1064 3454 Sicut
1087 3413 1236 3472 erat‚’
1262 3412 1531 3463 Freinshe-

460 3469 594 3519 mius
648 3470 836 3524 deinde
882 3476 1181 3533 observavit
1230 3485 1285 3535 in
1335 3488 1454 3539 Ind.
1502 3507 1532 3541 e

458 3545 645 3597 Tibull.
677 3548 722 3600 ἰ.
767 3555 815 3601 8.
836 3556 919 3604 91.
965 3555 1150 3608 ‘Tunc
1184 3562 1330 3627 mihi,
1363 3568 1530 3629 qualis
1548 3580 1572 3595 ·“

458 3623 582 3687 eris,
605 3625 808 3691 longos
847 3630 1061 3683 turbata
1100 3638 1313 3702 capillos
1359 3643 1531 3695 Obvia

455 3700 670 3768 nudato,
696 3705 873 3767 Delia,
896 3722 1046 3761 curre
1079 3714 1255 3776 pede.'
1324 3718 1395 3768 Et
1425 3720 1530 3770 Ge·

457 3783 591 3826 vart.
614 3794 645 3828 e
684 3778 817 3832 Stat.
837 3784 900 3832 ad
920 3799 981 3836 ιι.
1017 3789 1147 3839 Silv.
1164 3796 1210 3840 1.
1236 3798 1346 3843 157.
1371 3803 1427 3845 et
1451 3810 1528 3847 ιν.

456 3852 614 3904 Theb.
633 3860 746 3908 au.
812 3861 1138 3930 Quamquam
1176 3876 1351 3919 autem
1377 3871 1526 3922 valde

457 3926 664 3978 adridet
707 3936 1005 3999 conjectura
1039 3942 1315 4009 Gronovii,
1349 3954 1526 3997 tamen

458 4014 569 4050 eam
594 4018 711 4053 cum
735 4007 903 4061 Amst.
927 4017 1278 4080 recipiendam
1295 4036 1399 4071 non
1419 4038 1525 4074 ma-

1196 350 1413 407 NO'PAE
1461 355 1861 410 VARIORUM
1917 360 2017 412 m·

1629 500 1823 567 simus‚‘
1840 504 2020 556 maios.-
2070 511 2126 557 et
2150 507 2328 573 recte,
2347 513 2411 561 ut
2424 509 2660 563 ‘arbitror
2672 515 2710 563 Ξ·

1629 591 1747 627 nam
1776 578 1951 629 inuitos
1971 581 2099 633 vitio
2133 598 2239 634 non
2262 585 2503 637 carebat.
2548 587 2697 639 8⁸1-

1627 652 1790 703 Iunios
1805 661 1887 704 est
1908 656 1960 705 in
1983 671 2033 708 o.
2057 673 2105 708 s.
2125 666 2183 709 et
2205 676 2254 711 v.
2279 661 2402 712 edd.

1693 731 1941 799 Emeraas]
1972 734 2060 784 Ita
2075 735 2188 788 Pal.
2200 742 2250 788 2.
2270 746 2439 803 recte,
2455 748 2519 791 ut
2536 748 2698 805 puto:

1626 817 1928 872 argumento
1951 818 2035 861 est
2060 828 2158 863 vox
2177 824 2285 878 per,
2304 830 2421 880 qnae
2444 816 2524 865 illi
2540 831 2702 866 mea·

1623 897 1722 948 sus,
1743 885 1882 950 quod
1918 887 2005 936 alii
2039 887 2347 955 prefer-unt,
2379 891 2703 943 minusma-

1625 960 1783 1024 grnit.
1845 961 2036 1013 Similia
2064 968 2241 1029 ‘prope
2278 967 2424 1017 locus
2460 982 2553 1032 ap.
2584 969 2715 1020 Οἱς.

1624 1051 1719 1101 pro
1762 1038 1964 1102 Sextio,
1999 1055 2117 1105 cap.
2141 1047 2193 1092 5.
2235 1042 2403 1093 ‘Cam
2440 1059 2474 1094 e
2512 1047 2705 1108 pruina

1623 1115 1888 1178 Apennini
1908 1124 2066 1184 atque
2099 1134 2129 1168 e
2162 1119 2374 1170 nivibus
2408 1123 2517 1172 illis
2533 1137 2721 1172 emer·-

1623 1191 1807 1243 sisset.'
1870 1193 1951 1244 Ib.
1969 1209 2085 1260 cap.
2106 1200 2156 1245 ⁹.
2191 1196 2207 1223 ‘
2223 1198 2500 1248 Emer-sum
2522 1199 2703 1249 subito

1623 1283 1689 1319 ex
1720 1269 1988 1321 tenebris!
2054 1270 2204 1321 Idem
2238 1273 2307 1322 de
2340 1273 2525 1323 Divin.
2545 1279 2597 1338 2,
2620 1279 2703 1325 ufl-

1619 1345 1844 1397 §Subito
1880 1361 1990 1397 sum
2036 1349 2174 1398 visus
2216 1363 2453 1399 emeraus
2489 1365 2561 1400 ex
2601 1350 2705 1400 flu·

1621 1422 1794 1473 mine.'
1857 1423 2151 1474 Marcellin.
2191 1429 2273 1486 1⁹,
2308 1430 2391 1475 18.
2424 1425 2703 1490 ‘Terrige-

1621 1512 1711 1548 nas
1743 1499 1859 1549 illos
1891 1513 1995 1548 non
2027 1500 2220 1550 sinibus
2250 1508 2411 1550 terrae
2433 1502 2705 1552 emersos!

1618 1574 1738 1624 Val.
1759 1575 1838 1625 M.
1876 1581 1927 1640 1,
1950 1580 1999 1626 4.
2024 1582 2070 1626 1.
2108 1583 2219 1627 ext.
2252 1576 2269 1605 6
2289 1578 2487 1641 Ingens
2523 1578 2703 1627 aviam

1618 1652 1893 1703 multitudo
1914 1652 2148 1717 proximo
2170 1655 2287 1703 lacu
2305 1652 2549 1703 emersa:
2582 1654 2703 1704 Uti·

1616 1733 1704 1777 tnr
1723 1729 1822 1779 hac
1840 1743 1969 1779 voce
1993 1729 2107 1779 Liv.
2132 1734 2182 1791 1,
2206 1732 2289 1793 13,
2306 1733 2360 1780 4.
2384 1736 2439 1779 et
2460 1733 2516 1793 8,
2536 1733 2585 1789 7,
2609 1733 2699 1781 22.

1617 1811 1674 1854 et
1706 1805 1833 1856 Tac.
1868 1809 1916 1869 1,
1953 1810 2038 1870 65,
2067 1810 2115 1855 8.
2163 1804 2488 1855 ‘Paludibns
2526 1820 2698 1856 emer·

1616 1880 1755 1930 snm’
1800 1880 1961 1932 dixin·
2022 1883 2259 1932 Forsitan
2302 1890 2362 1932 et
2403 1898 2490 1947 ap.
2530 1884 2695 1932 eund.

1617 1956 1731 2006 Liv.
1753 1962 1837 2022 88,
1872 1962 1954 2023 17,
1987 1962 2066 2008 lo.
2101 1957 2380 2023 legendum
2404 1959 2507 2008 sit:
2544 1959 2696 2009 ‘Per

1615 2033 1951 2097 asperrimam
1987 2034 2181 2099 Illyrici
2216 2049 2383 2099 oram,
2420 2035 2693 2086 Pennin-

1613 2109 1736 2160 inde
1758 2119 1812 2161 et
1832 2111 2117 2175 Thraciam,
2150 2111 2431 2177 pugnando
2462 2126 2583 2161 eum
2615 2109 2691 2161 fe·

1612 2185 1889 2236 rocissimis
1911 2187 2153 2251 gentibus
2185 2189 2372 2238 emersi
2389 2189 2422 2237 ε’
2457 2203 2556 2252 pro
2584 2204 2693 2254 qno

1615 2264 1767 2328 vulgo
1789 2264 1998 2329 legitur,
2032 2265 2223 2315 emensi.
2292 2264 2379 2315 Sic
2411 2279 2502 2328 ap.
2529 2265 2691 2315 Fron-

1614 2341 1710 2391 tin.
1733 2346 1783 2405 8,
1805 2346 1855 2404 1,
1877 2345 1926 2392 2.
1958 2352 2015 2393 et
2048 2358 2132 2407 ap.
2169 2344 2291 2393 Sen.
2328 2344 2461 2394 Nat.
2487 2345 2693 2397 Quat.

1612 2425 1665 2484 ⁵,
1688 2425 1769 2471 la.
1807 2422 2098 2485 ‘eruptum'
2134 2422 2360 2472 Freiaslt.
2424 2421 2689 2472 Gruoerus

1613 2513 1643 2547 e
1666 2497 1784 2547 Pal.
1816 2502 1868 2548 2.
1907 2513 2009 2548 non
2048 2497 2325 2548 adnotavit
2354 2513 2445 2562 per
2482 2499 2689 2549 intua·

1608 2575 1741 2625 nives
1761 2590 1981 2639 emersas,
2012 2574 2151 2640 quod
2184 2575 2254 2624 ad
2292 2574 2473 2637 verba,
2494 2574 2590 2624 Sed
2610 2572 2691 2624 ifle

1609 2652 1764 2715 qualis
1777 2657 1901 2715 nat,
1923 2651 2087 2702 tradit
2109 2650 2374 2712 Graevius,
2393 2649 2489 2699 sed
2508 2665 2598 2713 pa·
2612 2650 2691 2699 ia·

1608 2733 1764 2779 tauns
1783 2728 1888 2779 vias
1906 2742 2127 2779 emma.
2192 2726 2478 2777 Salmasius
2512 2727 2565 2775 in
2597 2740 2687 2775 ex·

1608 2805 1843 2868 emplari·
1864 2818 1959 2854 suo
1992 2803 2121 2853 nihil
2161 2801 2229 2852 de
2264 2802 2343 2851 his
2378 2808 2684 2851 monuerat:

1609 2885 1808 2929 tantum
1845 2894 1941 2944 pro
1975 2893 2191 2930 emensas
2216 2878 2507 2942 scripserat
2533 2888 2685 2927 aaa·

1607 2971 1704 3019 aas,
1739 2956 1833 3006 sed
1871 2971 1903 3006 e
1936 2956 2045 3022 qno'
2079 2954 2350 3004 libro‘non
2390 2952 2697 3003 addiderat.-

1610 3031 1796 3098 Itaque
1819 3046 2002 3097 parum
2019 3038 2188 3081 tntum
2198 3030 2411 3094 putavi,
2432 3028 2522 3079 hic
2538 3030 2683 3095 sequi

1608 3108 2140 3169 Amstelodamenses,
2181 3107 2273 3172 qui
2323 3106 2519 3155 omissa
2556 3118 2681 3155 voce

1606 3188 1712 3237 vias
1735 3185 2020 3237 ediderunt
2051 3198 2137 3249 per
2155 3184 2371 3233 intactas
2399 3183 2551 3231 niues.
2614 3182 2681 3230 E-

1606 3278 1807 3328 meam,
1845 3262 1982 3327 quod
2019 3266 2140 3311 ante
2176 3259 2593 3309 Freinsheminm
2628 3259 2680 3307 ia

1608 3339 1846 3390 omnibns
1885 3338 2043 3388 editis
2078 3337 2377 3400 legebatur,
2407 3334 2564 3385 etiam
2594 3336 2677 3384 ha-

1608 3417 1735 3468 bent
1758 3416 1931 3480 Ryck.
1957 3415 2145 3465 Duisb.
2169 3415 2324 3464 Voss.
2345 3421 2409 3464 et
2427 3415 2580 3464 Fran.
2634 3413 2679 3462 E

1609 3493 1776 3557 Regg.
1811 3499 1867 3541 et
1900 3491 2037 3540 Toll.
2072 3488 2201 3539 nihil
2232 3487 2545 3539 adnotatum
2566 3497 2679 3538 erat

1607 3569 1672 3619 ad
1700 3569 1839 3619 Edit.
1878 3567 2095 3631 Graevii,
2117 3566 2173 3615 in
2208 3580 2314 3632 qua
2344 3573 2432 3616 est
2460 3581 2676 3616 m

1607 3646 1679 3694 Et
1719 3645 1795 3694 ita
1840 3645 1895 3693 in
1940 3642 2055 3692 aliis
2107 3642 2499 3706 exemplaribus
2541 3642 2676 3692 flori

1607 3723 1867 3787 scriptum
1912 3719 2074 3770 fuisse
2118 3727 2327 3771 certum
2368 3728 2456 3771 est
2498 3736 2530 3770 e
2563 3721 2673 3772 sul.

1607 3799 1779 3860 Celso,
1802 3811 1889 3861 ap.
1911 3810 2065 3862 quem
2096 3796 2211 3846 haec
2233 3795 2517 3859 leguntur:
2550 3798 2565 3823 ‘
2585 3796 2675 3848 Ja-

1604 3879 1693 3923 vat
1710 3875 1863 3923 aliter
1877 3874 2008 3922 lianc
2030 3886 2138 3922 rem
2156 3871 2323 3935 ipsam
2341 3872 2485 3922 Flori
2507 3871 2673 3922 verbis

1602 3963 1881 4013 exponere.
1947 3948 2047 3998 Per
2097 3948 2417 4011 istrionum
2468 3951 2671 3998 blatta

1601 4023 1703 4073 vias
1724 4029 1773 4073 et
1803 4025 1934 4074 niues
1953 4023 2177 4086 cmpedita
2204 4038 2345 4074 mm
2376 4038 2671 4074 moo-

457 4075 535 4136 εἶθ
569 4079 880 4149 existimavi,
915 4104 1070 4153 quam
1106 4098 1242 4159 quod
1277 4099 1524 4162 placebat
1597 4107 1739 4163 caput
1765 4099 2010 4149 Gellinm’
2077 4098 2497 4162 Pfoepoeffiol’fl'
2518 4099 2670 4148 Μὴ

455 4149 574 4199 aliis
597 4152 800 4206 Doctia.

1600 4175 1832 4224 omuibus
1855 4173 2018 4223 libris.
2087 4174 2165 4223 Ea
2197 4173 2240 4223 si
2274 4173 2547 4224 retinenda
2562 4180 2665 4234 est,

519 4225 620 4275 Per
650 4227 802 4280 inuios
823 4241 1048 4290 montium
1070 4249 1291 4314 ικηιιιω]
1342 4252 1520 4319 Scrip-
1598 4251 1710 4302 sine
1731 4251 1886 4303 dubio
1914 4250 2099 4301 melius
2134 4258 2217 4301 est
2242 4264 2461 4301 merm-
2528 4249 2663 4300 Nam
