2950 4892
652 399 720 448 ι..
765 396 1024 448 Auum
1075 394 1295 447 ιτιοιιι
1345 396 1494 446 mn.
1543 398 1622 446 11.
1666 398 1827 449 cAP.
1869 384 1934 450 6.

202 546 376 610 ,4ρἱ
405 542 600 608 erucii]
655 541 856 595 livium
896 540 1152 606 imitatur,
1183 553 1251 592 ne

203 624 309 688 quis
329 630 542 673 censeat
564 619 633 671 ab
656 620 759 671 alio
775 620 1009 671 Auctore
1031 619 1144 670 bec
1166 634 1251 670 ac-

202 700 403 764 cem,
436 704 552 761 aut,
586 696 707 748 dum
750 697 802 748 in
837 697 917 747 bis
963 697 1253 748 scribendis

200 781 326 840 erat,
361 774 519 825 alium
563 774 898 825 consuluisse.
980 774 1069 825 Sic
1114 775 1250 825 enim

201 852 312 902 ille:
345 850 529 902 eadem
552 864 610 901 re
635 857 950 902 memorata:
985 851 1002 879 ‘
1021 851 1128 902 Hic
1150 853 1254 903 erit

193 928 402 995 Joveiuis,
422 942 590 994 penes
622 923 773 994 qn'em
797 925 1019 992 perfecti
1040 928 1251 993 hujusce

205 1006 315 1056 belli
337 1007 445 1056 laus
466 1011 566 1067 est,
586 1003 863 1055 Africanus
897 1004 965 1055 ob
985 1006 1251 1069 egregiam

201 1083 451 1134 victoriam
487 1082 557 1133 de
583 1081 845 1132 Annibale
882 1087 939 1132 et
977 1082 1043 1132 de
1074 1083 1252 1134 Poenis

205 1158 518 1226 appellatus?
572 1159 664 1210 Ita
679 1160 812 1209 enim
827 1158 900 1210 ibi
919 1159 1250 1212 scribendum

206 1252 263 1288 ex
298 1236 616 1287 auctoritate
663 1235 1003 1287 vetustissimi
1039 1236 1252 1288 codicis.

203 1314 324 1366 Nam
346 1314 501 1377 vulgo
523 1318 642 1364 est:
677 1312 781 1362 Hic
800 1311 1123 1374 eratjwenis.
1145 1313 1251 1364 Sal.

203 1389 485 1455 Legendnm
508 1404 578 1439 ex
605 1389 778 1454 Ryck.
824 1390 927 1440 Hic
946 1395 1049 1440 erut
1073 1389 1254 1455 Scipio,

202 1468 274 1531 qui
290 1466 338 1516 in
354 1466 556 1516 exitium
575 1465 766 1528 Africa
783 1468 968 1519 crescit.
1035 1467 1155 1518 Non
1172 1466 1253 1518 fu·

206 1554 336 1598 turus
355 1554 467 1598 erat
486 1546 668 1612 Scipio
688 1548 776 1613 qui
800 1547 853 1598 in
875 1547 1092 1599 exitium
1114 1546 1257 1599 Afri·

209 1639 277 1675 ω
316 1631 424 1675 tum
455 1622 758 1675 crescebat.
837 1625 938 1675 Sed
973 1626 1062 1675 ille
1100 1625 1254 1677 modo

206 1707 551 1767 pretextatus,
583 1701 677 1767 qni
719 1701 855 1765 patri
886 1701 1048 1752 ⁵vitam
1083 1716 1257 1753 serva-

208 1777 306 1841 bat,
321 1786 428 1829 erat
448 1778 539 1828 ille
558 1777 762 1843 Scipio,
781 1780 869 1845 qui
903 1784 1013 1829 tum
1054 1779 1255 1831 adoles·

207 1856 344 1907 eebat
362 1857 414 1907 in
432 1856 724 1921 perniciem
750 1854 964 1909 Africae.
1011 1856 1116 1923 Ap.
1141 1858 1255 1909 Liv.

211 1937 346 1987 aliter
364 1951 420 1987 se
441 1951 526 1986 res
550 1935 733 1998 babet,
749 1935 837 1986 ubi
856 1937 951 1987 erit
963 1936 1257 2002 legendum,

207 2013 246 2064 is
281 2013 409 2063 enim
446 2012 579 2063 dicit
619 2026 839 2077 puerum
879 2018 989 2063 tum
1032 2015 1256 2078 primum

211 2087 593 2155 pubescentem,
631 2089 721 2155 qni
755 2091 1152 2155 propulsaverat
1174 2106 1260 2157 pe-

208 2166 423 2230 ricnlum,
446 2165 689 2241 futurum
718 2181 830 2217 esse
858 2169 1128 2233 juvenem,
1165 2183 1257 2234 pe·

208 2255 290 2292 nes
310 2258 455 2310 quem
487 2241 727 2294 confecti
751 2243 873 2294 belli
898 2245 1009 2294 laus
1029 2245 1099 2297 sit
1118 2244 1256 2296 futu-

208 2334 274 2371 ra.
304 2322 462 2373 (ἕνα.
531 2323 658 2372 Erit
680 2327 762 2372 est
797 2321 850 2370 in
888 2321 1059 2387 Regg.
1080 2322 1256 2373 Berol.

212 2398 359 2463 Magl.
381 2400 571 2452 Duisb.
595 2399 750 2449 Voss.
774 2403 822 2450 1.
846 2400 1002 2450 Fran.
1020 2399 1170 2452 Jord.
1203 2405 1260 2450 et

212 2489 252 2527 o.
270 2490 315 2526 e.
335 2483 389 2528 et
412 2477 563 2530 sicin
588 2477 731 2529 Flor.
751 2482 1045 2528 correctum
1085 2474 1263 2528 fuerat

212 2569 271 2605 ex
288 2562 404 2621 nat,
420 2558 562 2624 quod
586 2560 675 2608 est
694 2557 747 2606 iu
766 2557 914 2606 Voss.
929 2560 978 2607 2.
996 2562 1053 2606 et
1074 2560 1125 2607 8.
1141 2555 1262 2608 Nec

214 2630 397 2698 dubito,
433 2636 560 2702 quin
585 2634 751 2684 etiam
783 2634 862 2685 ita
900 2633 956 2684 iu
994 2632 1174 2684 Vineti
1205 2639 1263 2684 et

214 2708 352 2762 Grut.
374 2711 518 2763 libris
540 2710 738 2763 fuerit:
764 2724 826 2760 eo
849 2709 985 2775 quod
1009 2710 1131 2759 ethi
1152 2708 1262 2761 edi·

213 2783 380 2837 (luunt
401 2789 513 2852 erit,
547 2786 692 2854 quod
734 2786 922 2851 probat
940 2786 1261 2838 etiam’Gro·

216 2874 319 2911 nov.
339 2863 401 2913 ad
424 2864 539 2914 Lir.
564 2874 696 2913 xxi.
717 2866 801 2914 46.
815 2862 1010 2913 Tollius
1033 2862 1260 2913 Fortuit.

215 2951 255 2987 c.
291 2950 405 3010 ζιι.
439 2945 616 3005 putat,
654 2938 698 2987 si
734 2938 944 3003 legatur
980 2939 1095 3002 erit,
1136 2952 1261 2988 mox

218 3015 526 3068 scribendum
558 3029 677 3067 esse
711 3022 898 3069 crescet.
964 3015 1035 3066 Et
1060 3016 1137 3065 sic
1161 3015 1262 3066 Ed.

216 3091 357 3145 Pan.
419 3095 549 3144 Em
584 3100 646 3145 et
676 3097 847 3144 crescet
868 3093 1068 3144 mavult
1088 3091 1265 3144 schef-

218 3163 362 3220 ferus.

272 3247 314 3310 ὁ.
334 3252 394 3299 12
429 3250 589 3307 Qun
611 3265 663 3301 se
682 3249 892 3314 ignibus]
941 3248 1127 3300 Heins.
1143 3246 1265 3300 vide

218 3323 267 3372 iu
290 3323 527 3380 Dedicat.
571 3328 739 3379 clem.
764 3323 1139 3390 Alexandrini,
1174 3325 1267 3375 nbi

222 3398 279 3448 de
297 3399 487 3453 Mosco.
514 3403 741 3455 steina.
776 3402 1133 3454 Exclamatio‘
1149 3400 1266 3451 hor-

222 3475 358 3528 ribile
390 3478 574 3544 dictu,’
609 3479 694 3531 hic
730 3478 858 3552 satis
896 3477 1088 3545 frigidu
1124 3476 1269 3528 vide·

228 3557 319 3604 tur.
360 3556 496 3606 Nam
519 3556 648 3623 qnid
673 3556 727 3606 ln
749 3571 814 3607 eo
835 3555 1083 3606 horribile
1100 3560 1204 3617 est,
1224 3552 1269 3603 si

227 3630 328 3694 quis
348 3633 578 3684 membra
600 3635 717 3684 oleo
751 3639 808 3684 et
842 3633 953 3698 igni
975 3639 1158 3684 contra
1177 3629 1270 3680 fri·

228 3717 308 3764 3¹⁸
326 3705 520 3774 foveat,
551 3716 645 3761 aut
681 3709 865 3762 incolae
889 3709 1158 3775 regionum
1178 3705 1271 3756 fri·

231 3780 471 3844 &diorum
495 3787 562 3837 ab
583 3787 670 3850 iis,
693 3786 785 3853 qni
816 3802 848 3837 a
879 3784 1096 3836 meridie
1126 3783 1271 3835 veni·

231 3866 335 3921 unt,
356 3859 667 3913 vincantur?
728 3861 834 3914 &d
857 3864 1041 3914 Florus
1061 3862 1137 3913 ita
1158 3875 1274 3913 cre·

234 3932 318 3985 bro
338 3937 427 3987 illa
447 3938 635 4000 utitur,
666 3942 729 3987 ut
759 3942 810 3986 ei
830 3939 976 4002 quasi
996 3938 1050 3989 in
1072 3937 1275 3989 deliciis

232 4008 381 4064 fuine
394 4015 653 4065 videatur.

291 4091 335 4154 §-
362 4095 423 4142 1⁸
447 4089 908 4156 firmissimus]
923 4089 1141 4141 Veteres
1155 4089 1276 4140 scri-

2257 384 2390 453 655

1324 541 1551 593 menium
1577 557 1672 608 pro
1701 543 2044 596 Trasumenio
2080 543 2233 595 multi
2267 535 2388 597 auc'-

1328 627 1486 684 tores,
1506 622 1712 673 etiamsi
1735 622 1788 673 in
1811 636 1874 674 eo
1896 630 1980 674 est
2005 624 2388 684 transmutatio,

1329 697 1764 751 vindicaverunt!
1806 700 1905 750 Vel
1939 700 2272 752 Turmmenum
2292 715 2391 767 pro

1332 774 1632 828 mmmm.
1721 776 1881 829 Hunc
1919 778 2087 828 lacum
2125 761 2392 843 intelligit'.

1326 851 1617 916 Perperam
1639 854 1796 918 vulgo
1813 855 2003 918 legitur
2031 856 2393 906 ssrasomemms
2465 851 2474 861 “

1330 944 1424 994 pro
1442 932 1771 984 mmmmm.
1804 933 1965 984 Salm.
2034 934 2175 998 Lege
2195 939 2393 998 praeter

1324 1010 1521 1059 'citatos
1559 1023 1716 1072 supra
1756 1009 1867 1060 Cic.
1908 1009 1976 1061 de
2010 1005 2189 1061 Divin.
2230 1014 2279 1073 1,
2311 1001 2395 1060 ³5.

1327 1085 1444 1135 Val.
1469 1084 1615 1136 Max.
1644 1090 1689 1150 1,
1708 1090 1760 1149 6,
1781 1090 1832 1135 6.
1863 1085 2257 1137 Advertendum
2280 1087 2393 1153 qui·

1328 1159 1467 1224 dem,
1504 1162 1812 1213 Flaminium
1848 1162 1916 1213 ab
1949 1162 2206 1215 Annibale
2240 1176 2395 1228 supe·

1328 1242 1496 1288 ratum
1517 1241 1569 1287 9.
1594 1237 1705 1288 Cal.
1728 1238 1837 1290 Jul.
1854 1237 2011 1290 Ovid.
2033 1241 2173 1291 Fast.
2200 1245 2253 1303 6,
2274 1244 2393 1291 766.

1332 1315 1548 1364 Camers.
1601 1315 1839 1378 Begerus
1863 1331 1893 1367 e
1915 1316 2243 1367 Berolinensi
2258 1315 2393 1366 libro

1329 1393 1522 1457 probat
1580 1392 1906 1443 Trasimenus
1962 1392 2395 1457 quemadmodum

1329 1469 1490 1520 etiam
1512 1469 1695 1520 Duisb.
1722 1471 1880 1521 Fran.
1914 1477 1971 1521 et
2001 1485 2054 1521 v.
2092 1485 2140 1520 e.
2180 1470 2396 1532 liabent,
2483 1463 2494 1470 ’

1329 1547 1423 1598 sed
1461 1547 1630 1599 edidit
1662 1548 2035 1598 stcnsimeuins.
2101 1547 2396 1598 Videndum

1331 1631 1434 1688 est,
1455 1640 1521 1676 an
1544 1625 1656 1676 baec
1679 1625 1977 1676 terminatio
2011 1623 2151 1690 apud
2173 1624 2300 1674 alios
2320 1624 2398 1673 in·

1330 1704 1590 1755 veniatur.
1651 1703 1797 1755 'Nam
1831 1703 1883 1753 in
1907 1701 2063 1752 editis
2088 1699 2398 1765 exemplari-

1331 1780 1429 1832 bus
1452 1780 1765 1834 Quintiliani
1785 1794 1974 1831 nomen
1990 1780 2089 1829 boc
2112 1778 2224 1828 exit
2247 1777 2299 1828 in
2320 1791 2400 1840 us,

1331 1873 1433 1909 non
1455 1859 1507 1909 in
1529 1858 1620 1909 ius.
1688 1859 1761 1908 Et
1782 1873 1812 1907 e
1832 1857 2014 1909 Poetis
2038 1870 2257 1924 quorum
2278 1856 2400 1906 loca

1333 1942 1455 1985 sunt
1474 1949 1561 1999 ap.
1583 1934 1775 1985 Cellar.
1798 1934 2053 1999 11.·Geog.
2082 1932 2213 1983 Ant.
2236 1936 2287 1983 9.
2310 1931 2401 1982 ad·

1333 2020 1486 2078 paret
1513 2014 1814 2064 stationam
1844 2013 1966 2077 dici,
1987 2027 2091 2063 non
2118 2008 2404 2062 meni-

1329 2104 1402 2140 us.
1471 2091 1536 2141 In
1557 2089 1746 2155 Polyb.
1767 2103 1857 2141 m.
1879 2094 1961 2142 82.
1994 2086 2260 2154 Θρασιμένη
2290 2087 2398 2149 λίμ-

1332 2184 1409 2230 νη,
1430 2166 1485 2217 in
1505 2166 1680 2218 Strab.
1703 2181 1756 2215 v.
1780 2182 1832 2232 p.
1848 2171 1964 2218 226.
1981 2164 2267 2232 Τρασυμένα.
2290 2163 2401 2217 sed

1331 2244 1429 2293 hoc
1469 2259 1503 2294 a
1538 2243 1813 2308 Xylaudro
1849 2249 1906 2294 et
1938 2243 2165 2295 Casaub.
2199 2242 2400 2295 factum

1333 2327 1419 2371 est
1439 2333 1470 2369 e
1492 2326 1743 2386 corrupto
1762 2323 1831 2383 ’γῆ
1850 2318 2139 2383 πασουμένα.
2188 2320 2402 2373 Plutar-

1335 2397 1462 2446 chus
1486 2402 1661 2448 tamen
1695 2398 1904 2449 videtur
1943 2396 2253 2449 confirmare
2292 2401 2402 2447 ter-

1334 2472 1665 2524 minationem
1703 2474 1757 2524 in
1799 2474 1906 2524 ius.-
1940 2489 2057 2524 nam
2099 2472 2242 2540 apud
2281 2486 2402 2523 eum

1337 2549 1410 2600 Η.
1452 2550 1636 2614 Stepb.
1694 2556 1752 2601 et
1793 2550 2029 2602 Wecbel.
2071 2551 2124 2601 in
2168 2550 2401 2615 princip.

1336 2624 1475 2675 Vita
1512 2624 1663 2676 Fabii
1695 2625 1972 2676 ediderunt
2010 2624 2270 2691 Θρασυνίαν
2299 2621 2410 2688 λίμ-

1336 2720 1439 2766 νην,
1462 2702 1599 2767 qnod
1623 2702 1829 2753 videtur
1845 2710 2147 2768 corruptum
2171 2714 2284 2753 esse
2304 2714 2404 2765 pro

1337 2778 1679 2845 Θρασυμονίαν.
1747 2778 1852 2829 Sed
1878 2792 2060 2829 verum
2081 2791 2200 2828 esse
2225 2781 2409 2841 Θραον-

1336 2855 1656 2921 μένηνμιιιοᾶ
1682 2854 1755 2905 ibi
1787 2855 1841 2905 in
1877 2854 1990 2905 aliis
2023 2853 2167 2905 libris
2190 2852 2405 2916 iegitur,

1336 2941 1487 2986 recte
1520 2938 1739 2983 monent
1773 2931 1874 2981 viri
1911 2930 2054 2982 docti
2090 2931 2145 2982 iu
2179 2929 2402 2982 Londiu.

1338 3010 1483 3063 Edit.
1500 3011 1742 3059 vitarum
1759 3008 2049 3059 Plutarchi.

1405 3086 1801 3150 Palma-ibasque
1821 3083 2050 3149 virg-altis
2068 3088 2224 3135 tectus
2243 3081 2406 3148 eques]

1339 3165 1476 3216 Hoee
1499 3178 1585 3215 ars
1609 3164 1825 3214 Punicae
1861 3161 2079 3227 fraudis,
2110 3177 2214 3228 qua
2236 3161 2408 3227 palus*

1340 3243 1512 3295 tribus
1555 3241 1796 3308 virgultis
1844 3248 2016 3294 tectus
2054 3256 2216 3309 eques
2257 3248 2410 3306 terga

1341 3322 1516 3372 subito
1556 3320 1898 3386 pugnantium
1935 3319 2145 3383 invasit,
2187 3332 2293 3369 non
2328 3322 2411 3368 est

1343 3396 1583 3448 adbibita
1605 3397 1671 3446 ab
1706 3395 1967 3447 Annibale
2003 3396 2060 3445 in
2092 3395 2191 3445 boc
2227 3392 2411 3460 prelio

1346 3473 1414 3524 ad
1424 3473 1846 3524 Thrasnmenium
1863 3474 2055 3536 lacum,
2066 3471 2224 3523 sedin
2242 3472 2410 3521 altero

1344 3550 1410 3601 ad
1440 3549 1689 3602 Trebium
1726 3549 1938 3602 flumen.
2003 3550 2068 3600 In
2110 3564 2176 3599 ea
2211 3548 2412 3615 quippe

1344 3642 1541 3694 pugna,
1578 3642 1697 3693 quae
1733 3628 1800 3678 ad
1835 3625 2254 3677 Thrasumennm
2279 3638 2410 3689 pug-

1344 3710 1472 3755 nata
1493 3707 1597 3764 est,
1618 3703 1747 3753 nibil
1768 3702 1913 3754 aliud
1934 3701 2132 3753 fraudis
2153 3711 2417 3751 commen-

1344 3788 1432 3832 tus
1474 3787 1559 3832 est
1596 3780 1813 3844 Poenus,
1867 3792 1967 3830 nec
2003 3774 2141 3827 aliud
2190 3774 2417 3839 curavit,

1348 3873 1506 3925 quam
1529 3863 1589 3909 ut
1611 3855 1845 3909 clausum
1884 3856 2005 3906 lacu
2042 3860 2100 3905 et
2135 3851 2417 3916 montibus,

1347 3936 1619 4001 copiisque
1650 3933 1756 3985 suis
1792 3928 2157 3984 circumfusum
2194 3927 2418 3980 baberet

1348 4014 1573 4064 bostem.
1640 4011 1877 4075 Eumque
1911 4008 1987 4058 sic
2019 4005 2418 4057 circumclusum

1348 4087 1505 4137 militi
1526 4100 1621 4136 suo
1639 4088 1705 4135 ad
1727 4086 2027 4135 satietatem
2066 4079 2292 4145 praebuit
2313 4092 2419 4129 σε·

238 4165 375 4231 bunt,
402 4167 838 4231 ‘Trasumenius,'
861 4175 952 4219 ant
970 4167 988 4197 ‘
1004 4168 1281 4232 Trasyme-
1347 4163 1596 4215 dandum.
1662 4158 1798 4210 Vide
1836 4161 1953 4210 Liv.
1982 4158 2128 4223 cnjus
2148 4155 2417 4206 historiam

234 4243 339 4292 nius
357 4242 387 4291 ε’
421 4244 498 4295 ita
519 4259 603 4309 up.
622 4243 843 4300 Quintil.
862 4242 1135 4309 legendnm
1158 4241 1282 4293 aiibi
1353 4244 1443 4309 qui
1465 4238 1729 4305 cognovit,
1752 4237 1841 4287 vix
1863 4235 1982 4286 huic
2005 4232 2288 4301 ignoverit.
2341 4228 2418 4280 At

242 4315 544 4389 docebimus,
564 4321 656 4374 lib.
681 4335 722 4373 ι.
744 4335 860 4387 cap.
884 4334 939 4373 v.
964 4325 991 4352 ·‘
1012 4320 1083 4371 Et
1101 4320 1285 4370 Tarsu-

1356 4320 1424 4372 ad
1463 4315 1706 4370 Trebiam
1743 4315 2025 4379 Magonem
2049 4308 2262 4361 fratrem
2296 4317 2417 4357 cum
