2950 4892
745 371 812 418 ι..
860 368 1117 420 Auum
1169 370 1392 420 nom
1440 371 1587 421 mn.
1637 370 1716 421 ιι.
1762 373 1928 422 car.
1971 358 2038 424 2.

284 512 544 577 Regulum
582 527 649 564 ex
686 514 890 566 insidiis
919 521 1136 580 captum
1178 513 1358 566 fuisse.

283 589 540 654 Polybius
574 591 773 641 nnllam
812 590 1115 644 insidiarum
1143 592 1363 644 mentio·

282 680 404 716 nem
427 663 581 716 facit.

353 744 480 796 Tun
500 743 641 803 sada
664 743 845 808 clades]
889 743 979 796 Ita
1016 744 1186 810 Ryck.
1223 746 1364 797 Toll.

283 822 479 876 Daisb.
524 824 685 874 Fran.
720 823 879 876 Voss.
924 830 983 876 et
1025 839 1076 877 v·
1116 840 1164 876 e.
1205 824 1361 891 idque

283 900 447 951 etiam
470 899 592 950 Vin.
616 901 685 955 ‚in
722 900 852 963 suis,
888 907 946 952 et
967 902 1129 954 Grut.
1150 902 1204 952 in
1227 903 1363 953 Pall.

287 974 537 1028 videntur
587 976 870 1028 invenisse.
959 979 1098 1029 Nam
1142 985 1366 1044 uterque

284 1053 456 1104 edidit
471 1051 647 1104 clades.
708 1053 861 1107 Jord.
884 1069 1094 1120 quoqne
1116 1055 1251 1120 legit
1269 1057 1366 1105 cla-

281 1132 389 1194 des,
429 1129 524 1179 sed
546 1130 721 1179 locam
746 1129 823 1180 ita
845 1131 1185 1182 incr-natavit:
1210 1132 1368 1194 soeda·

283 1223 376 1272 qne
407 1209 583 1271 clades,
621 1208 942 1273 Ros-uisque
979 1224 1067 1260 ιιειι
1104 1210 1365 1273 incognita.

290 1286 427 1336 Nam
448 1285 597 1335 ciuus.
666 1284 731 1335 In
770 1285 882 1335 aliis
916 1285 1041 1335 olim
1077 1286 1237 1336 editis
1267 1294 1369 1346 est,

284 1362 528 1414 cincinni·
563 1376 669 1412 cam
692 1360 835 1421 foeda
863 1363 1014 1424 clade,
1054 1362 1369 1427 Romanique

282 1453 374 1490 asu
404 1438 671 1502 integ-idm
762 1438 941 1490 Virus.-
989 1453 1119 1502 quos
1159 1442 1367 1503 sequuti

286 1523 417 1567 sant
435 1516 652 1567 Camers
674 1522 731 1566 et
751 1515 901 1567 Stad.
930 1515 1196 1577 fflfoeda
1216 1519 1367 1581 clade,

287 1593 355 1646 R-
424 1609 473 1645 ιι.
542 1592 805 1656 ὺιωςιιίέα,
872 1594 1011 1644 vivas
1070 1594 1368 1646 maluerunt

284 1671 526 1722 Freinsh.
580 1679 640 1722 et
693 1672 873 1723 Graev.
947 1669 1017 1723 Et
1072 1672 1149 1724 ita
1200 1673 1366 1738 Regg.

285 1747 469 1798 Probo
502 1748 821 1799 sententiam
863 1748 1024 1800 Tollii
1065 1747 1131 1798 ad
1170 1747 1367 1799 Auson.

285 1838 375 1876 tx.
420 1826 597 1889 Epist.
633 1840 711 1876 vs.
741 1829 824 1877 ⁸8.
860 1825 937 1877 ita
974 1825 1367 1890 distinguentis,

289 1903 419 1953 'Rani
444 1902 609 1967 (sa-da
643 1904 820 1964 clades,
854 1902 1169 1969 &murisque
1189 1917 1277 1953 asa
1295 1903 1367 1954 in-

284 1978 523 2043 cendia)
555 1979 704 2032 οἰσιιι.
770 1981 868 2031 Est
902 1980 1039 2031 enim
1082 1986 1366 2047 perpetuus

284 2071 405 2108 mos
448 2057 627 2121 Floro,
671 2055 749 2108 ita
802 2071 900 2122 per
935 2057 1365 2110 exclamationem

284 2132 518 2184 orationi
538 2132 776 2199 qaedam
814 2133 1167 2199 interponere,
1204 2141 1265 2186 nt
1286 2149 1367 2186 os·

285 2215 467 2268 tendit
486 2216 625 2267 Tou.
690 2217 765 2268 Et
800 2217 877 2267 sic
912 2231 1119 2283 quoqne
1140 2216 1365 2268 voluisse

287 2294 645 2357 Perizoninm,
665 2308 733 2344 ex
757 2308 822 2346 eo
842 2294 1099 2357 intellexi,
1117 2294 1256 2359 quod
1277 2294 1367 2345 ad·

284 2370 580 2436 scripserat
614 2371 785 2422 locnrn
818 2370 962 2422 Flori
1003 2385 1033 2420 e
1070 2384 1159 2436 ιιι,
1200 2375 1281 2422 19.
1316 2374 1367 2422 7.

286 2448 508 2500 Retinni
553 2453 723 2498 tamen
766 2446 1181 2510 distinctionem,
1214 2461 1366 2514 qnam

286 2527 469 2577 inveni
485 2527 538 2576 in
561 2525 731 2590 Ryck.
756 2526 943 2577 Dnisb.
965 2533 1022 2577 et
1038 2540 1090 2577 v.
1107 2539 1156 2578 e.

355 2604 466 2653 Par
485 2594 963 2667 tutamina-iterii]
1016 2604 1104 2655 Ita
1136 2604 1287 2657 Jord.
1310 2611 1371 2655 et

289 2681 428 2732 an.
451 2679 589 2730 libri.
654 2681 892 2745 Uterque
927 2687 1104 2733 antem
1137 2682 1255 2733 Pal.
1288 2697 1368 2733 ca-

286 2758 521 2809 lar-riuti.
568 2757 619 2808 N
624 2773 686 2810 ec
704 2757 858 2809 aliter
878 2758 1174 2822 legendnm,
1190 2774 1369 2826 quam·

286 2837 372 2885 vis
389 2835 546 2886 aliter
568 2836 733 2886 vismn
756 2835 825 2886 sit
846 2836 999 2886 Grut.
1024 2843 1225 2887 nostro.
1281 2838 1369 2888 Ri-

287 2914 525 2965 dicnlnm
562 2914 699 2964 enim
734 2928 943 2976 censeo,
982 2914 1224 2978 componi
1266 2915 1368 2964 Re-

292 2991 471 3055 gulam
485 3004 601 3041 cnm
621 2990 925 3041 calamitate
946 2988 1094 3054 qnasi
1116 2990 1370 3053 gladiato·

288 3081 426 3116 nm.
496 3067 602 3118 Par
638 3064 740 3116 fnit
776 3064 849 3115 illi
886 3065 1193 3128 calamitati,
1214 3080 1369 3131 quem

290 3157 399 3192 non
421 3141 637 3208 infregit
659 3142 751 3193 illa
772 3143 1064 3193 calamitas.
1100 3142 1203 3192 Sal.
1275 3144 1369 3192 Ca-

294 3219 556 3283 lauu‘tatia]
589 3220 681 3271 Ita
702 3234 753 3270 v.
778 3233 825 3269 e.
850 3219 987 3284 qnod
1007 3233 1103 3270 cnr
1126 3235 1229 3270 non
1253 3236 1372 3284 pro·

294 3297 453 3346 bem?
486 3310 601 3346 cnm
644 3295 867 3346 accedat
900 3295 1006 3346 Ma.
1031 3296 1155 3345 Vin.
1176 3306 1231 3345 et
1254 3296 1371 3350 Pal.

296 3379 345 3423 1.
368 3387 430 3421 ac
450 3377 500 3422 2.
515 3387 614 3423 nec
635 3385 742 3422 non
763 3371 1044 3424 Jordanes.
1112 3373 1373 3437 vulgatur

296 3449 511 3513 passim,
527 3448 799 3500 calamitati
813 3465 831 3498 .-
864 3449 1001 3512 qnod
1017 3448 1226 3516 quidem
1251 3452 1372 3500 etin

297 3527 413 3578 Pal.
436 3531 479 3578 8.
508 3534 565 3579 at
586 3528 810 3577 alterum
831 3527 1096 3591 componit
1117 3527 1373 3590 Regulum

296 3604 604 3666 calamitati,
657 3610 903 3667 tanquam
958 3603 1227 3667 athletam,
1281 3611 1376 3655 aut

297 3681 664 3746 gladiatorem.
701 3679 849 3731 Grai.
895 3681 1201 3731 Catanitatis
1214 3681 1374 3732 etiam

298 3760 467 3825 Ryek.
499 3759 645 3809 Toll.
674 3758 826 3807 Voss.
847 3759 898 3807 9.
920 3762 972 3808 8.
993 3765 1051 3808 et
1084 3758 1268 3828 Duisb.
1289 3775 1369 3810 ce·

299 3837 397 3888 teri
419 3852 463 3888 s.
486 3844 545 3887 et
568 3834 696 3885 cdd.
717 3834 1004 3884 calamitati.
1066 3834 1173 3885 Sed
1216 3835 1373 3886 Hein-

298 3916 425 3977 sius,
444 3913 620 3979 Ryck.
654 3918 714 3962 et
750 3910 927 3960 Periz.
964 3909 1231 3961 malebant
1257 3926 1375 3962 eum

294 3991 546 4042 Salmaaio
568 3986 862 4049 calamitati,
881 4002 1069 4051 nempe
1105 3986 1372 4038 ferendae:

292 4068 430 4135 qnod
457 4075 518 4119 et
550 4064 802 4117 usitatius
837 4070 938 4115 est.
1004 4064 1141 4115 Nam
1170 4079 1275 4116 non
1296 4063 1375 4115 fa-

287 4148 389 4200 cile
408 4146 428 4176 ‘
444 4143 576 4211 pnr'
617 4142 722 4192 liae
743 4140 1125 4204 significatione
1146 4156 1263 4191 cnm
1287 4157 1375 4206 ge·

284 4226 455 4276 nitiro
479 4219 745 4274 invenias.
812 4217 1031 4269 Gruter-i
1061 4218 1376 4282 interpreta-

279 4307 485 4358 tionem
509 4297 716 4367 probat
747 4295 1125 4348 Freinshemius
1165 4296 1217 4345 in
1254 4294 1374 4346 Ind.

2369 359 2500 427 621

1437 516 1534 566 aed
1576 530 1643 567 ea
1683 516 1833 582 longe
1874 517 2096 583 qnasita
2141 523 2242 569 est.
2321 517 2518 570 Paullo-

1437 599 1559 657 post
1596 592 1751 645 Fran.
1780 599 1839 644 et
1859 593 1981 645 edd.
2003 599 2134 646 vett.
2171 599 2369 661 prater
2400 594 2506 659 prl-

1436 683 1592 734 mam,
1610 670 1998 732 carceresractas
2017 675 2106 723 est.

1501 750 1548 813 ς.
1591 752 1657 801 24
1715 748 1948 812 Dium]
2027 747 2076 798 1.
2121 763 2169 799 e.
2224 749 2508 813 contraria,

1436 824 1675 880 Freinsh.
1693 824 1745 875 in
1768 824 1887 876 Ind.
1953 825 2043 876 Ita
2073 825 2395 890 sepe-etiam
2419 843 2507 893 ap.

1439 901 1587 952 alios.
1652 900 1773 952 Vid.
1795 901 1861 951 G.
1890 902 2104 952 canter.
2122 915 2162 953 ι.
2189 902 2380 954 Norat.
2402 918 2507 953 var.

1442 979 1590 1032 Lect.
1617 982 1695 1029 1⁰.
1713 983 1772 1029 et
1794 978 1959 1029 Gron.
1993 979 2062 1031 ad
2094 978 2217 1029 Sen.
2237 992 2305 1030 ιι.
2328 979 2396 1031 de
2417 980 2509 1031 Ira

1509 1131 1590 1183 Νι
1606 1147 1708 1196 pax
1727 1132 1896 1198 fieret,
1926 1147 1987 1184 ιιι
2006 1133 2370 1184 mundatione
2402 1150 2510 1197 cap·

1443 1208 1648 1259 tinorum
1679 1209 1992 1274 reciperetur]
2022 1210 2215 1260 Melius
2253 1210 2392 1276 qnod
2425 1218 2510 1261 est
2565 1261 2572 1268 ,

1441 1283 1495 1333 in
1521 1285 1648 1336 Νη.
1671 1293 1728 1336 et
1760 1285 2066 1338 Jordaneisz
2104 1287 2185 1338 Νι
2219 1300 2320 1351 pax
2344 1287 2509 1353 fier-«1,

1440 1374 1527 1410 nec
1584 1363 1946 1412 commutatione
1985 1365 2277 1428 captivorum
2333 1366 2509 1429 recipe-

1440 1443 1594 1490 retur.
1656 1440 1799 1505 Lege
1824 1440 2012 1491 etiam:
2046 1442 2367 1492 commutatio.
2403 1442 2507 1492 Sal.

1443 1518 1523 1567 Νι
1539 1517 1820 1584 paxfierei]
1853 1519 1962 1569 Liv.
1984 1522 2069 1568 22.
2091 1520 2176 1568 28.
2192 1523 2242 1569 6.
2276 1517 2363 1569 Fr.
2397 1517 2511 1570 Aut

1442 1593 1716 1657 legendnm
1754 1609 1872 1645 cnm
1903 1594 2155 1646 Sahnasio
2191 1596 2513 1660 commutatio,

1441 1678 1537 1722 aut
1566 1671 1622 1722 ia
1657 1672 2081 1732 conmutationem,
2120 1672 2234 1736 ipae
2270 1671 2509 1722 nimii-nm

1441 1748 1688 1813 Regulus,
1708 1747 2014 1813 reciperetur.
2076 1748 2166 1800 Sic
2195 1750 2285 1801 ille
2310 1763 2394 1814 ap.
2417 1749 2512 1802 Sil.

1439 1823 1856 1878 lib.v1.v⁸.4r⁵.
1923 1825 2057 1876 Hoec
2096 1831 2179 1876 eat
2212 1826 2284 1875 N.
2305 1826 2512 1877 Heinsii

1440 1901 1508 1952 de
1542 1903 1642 1953 hoe
1677 1902 1796 1955 loco
1817 1901 2096 1952 sententia.
2137 1902 2306 1952 Grae.
2385 1903 2510 1966 Nec,

1438 1982 1576 2047 qnod
1591 1996 1685 2046 pro
1705 1996 1766 2032 ae
1784 1981 2072 2047 repositam
2095 1981 2209 2032 vnit
2229 1981 2410 2046 Salm„
2424 1997 2513 2032 ne-

1438 2060 1617 2125 quein
1651 2058 1852 2123 scripto
1885 2058 1995 2109 ullo
2031 2059 2131 2110 nisi
2164 2058 2219 2109 in
2243 2060 2399 2111 Fran.
2419 2075 2513 2111 ne·

1439 2151 1540 2203 qne
1562 2137 1616 2187 in
1639 2137 1786 2189 edito
1819 2143 1943 2188 ante
1970 2137 2094 2188 Vin.
2117 2144 2174 2190 et
2196 2138 2346 2190 Stad.
2368 2140 2512 2191 inve-

1439 2214 1546 2265 nio.
1602 2214 1716 2267 Sed-
1731 2220 2050 2279 receperant
2073 2215 2229 2266 etiam
2252 2214 2514 2282 Gravi-⁸,

1442 2290 1633 2353 Beger.
1657 2298 1716 2342 et
1734 2290 1908 2343 Amat.
1967 2292 2086 2342 Nec
2107 2290 2244 2342 male
2265 2293 2515 2346 convenit

1440 2368 1561 2418 huie
1581 2369 1716 2430 loco,
1752 2375 1810 2419 et
1832 2374 2097 2434 postrema
2115 2367 2271 2418 litera
2289 2377 2513 2432 propter

1440 2444 1680 2495 eamdem
1715 2452 2022 2510 sequentem
2056 2443 2209 2496 facile
2248 2446 2422 2509 potnit
2457 2460 2514 2496 o·

1441 2519 1593 2571 mitti.
1662 2520 2024 2571 Commtaiioe
2047 2520 2259 2584 scriptis
2277 2521 2525 2583 Floreat·⁵

1442 2608 1501 2649 et
1521 2600 1675 2649 Voss.
1700 2602 1747 2649 1.
1786 2598 2006 2659 habent,
2044 2604 2103 2648 et
2139 2595 2260 2647 edd.
2287 2597 2519 2662 antiqua

1443 2680 1564 2739 post
1585 2675 1804 2738 primam
1838 2687 2036 2736 omnes,
2067 2673 2229 2723 etiam
2253 2672 2514 2724 Camertia

1443 2758 1500 2801 et
1521 2749 1711 2813 Stadii,
1729 2750 1857 2800 item
1881 2747 2073 2813 Begeri
2093 2753 2151 2798 et
2175 2746 2343 2797 Amst.
2412 2748 2515 2798 Re·

1442 2825 1574 2891 liqui
1629 2825 1836 2889 scripti,
1894 2826 1955 2874 E.
1999 2824 2069 2873 V.
2112 2822 2310 2883 vineti,
2362 2823 2514 2874 Grnt.

1446 2902 1682 2953 Freinsh.
1703 2910 1756 2952 et
1777 2900 1974 2952 Graevii
1989 2898 2369 2950 maerim.
2391 2898 2514 2949 Hoc

1444 2979 1770 3031 retinendum
1794 2976 2048 3028 censebat
2072 2975 2240 3027 Petis.
2259 2981 2315 3025 et
2338 2982 2516 3038 potest

1443 3056 1589 3107 ferri.
1622 3058 1758 3107 Nam
1784 3054 2236 3119 Carthaginienses
2256 3052 2514 3116 Regulum

1445 3136 1662 3185 Romam
1681 3135 1931 3185 miserant
1953 3146 2017 3182 ea
2032 3130 2348 3187 conditione,
2371 3137 2449 3187 ut,
2471 3129 2516 3179 ai

1445 3213 1546 3263 sibi
1562 3212 1758 3278 captivi
1774 3211 1980 3276 qnidam
1997 3208 2197 3260 nobiles
2216 3208 2516 3258 adolescen-

1446 3296 1613 3350 tes,et
1628 3288 1749 3339 boni
1766 3288 1926 3338 duces
1944 3285 2134 3337 redditi
2156 3284 2400 3344 fuissent,
2414 3283 2516 3334 Re·-

1445 3367 1568 3430 gnlo
1603 3380 1813 3416 manere
1846 3364 2025 3414 Romae
2060 3361 2267 3411 liceret.
2332 3356 2408 3410 At
2430 3359 2514 3408 hic

1445 3444 1772 3508 Reipublicae
1798 3457 1898 3493 non
1922 3441 2047 3492 utile
2071 3454 2189 3490 esse
2213 3439 2441 3504 putavit,
2457 3444 2515 3488 nt

1447 3536 1544 3586 pro
1581 3522 1659 3572 his
1700 3520 1933 3574 omnibns
1969 3520 2082 3582 ipse
2127 3532 2282 3576 untia,
2319 3525 2374 3565 et
2400 3515 2514 3579 jam

1444 3598 1593 3649 senio
1623 3596 1895 3648 confectus
1934 3594 2340 3646 commutatione
2372 3592 2518 3646 t‘acta

1447 3677 1789 3739 reciperetur.
1857 3673 1943 3722 Ita
1966 3672 2075 3722 Cic.
2100 3684 2185 3721 ιιι.
2208 3667 2315 3720 Off.
2333 3673 2415 3718 26.
2432 3672 2515 3719 27.

1447 3763 1504 3804 et
1527 3754 1645 3805 val.
1668 3755 1744 3803 Μ.
1782 3767 1824 3802 ι.
1848 3756 1895 3802 1.
1921 3755 2000 3800 14.
2066 3748 2171 3798 Alii
2193 3762 2222 3796 a
2246 3747 2517 3811 Carthagi-

1447 3831 1713 3881 niensibus
1749 3829 1975 3880 omnium
2013 3825 2335 3889 captivorum
2376 3836 2517 3872 com-

1448 3906 1788 3957 mutationem
1834 3903 2049 3969 petitam
2094 3900 2327 3950 tradant.
2410 3899 2515 3949 Sed

1450 3987 1533 4035 vel
1556 3985 1630 4035 sic
1645 3983 1773 4035 satis
1789 3989 1935 4032 recte
1955 3979 2146 4044 exponi
2167 3985 2343 4044 potest
2353 3979 2516 4043 scrip-

1449 4070 1569 4113 tnra
1589 4062 1820 4124 vulgata.

1516 4141 1562 4202 §.
1583 4142 1647 4188 2⁶
1689 4136 1965 4188 Volnmtario
1986 4136 2049 4185 ad
2070 4135 2226 4184 hostes
2259 4147 2368 4182 suos
2388 4132 2516 4181 redi·

1451 4217 1530 4281 ta]
1558 4212 1830 4279 stupenda
1848 4227 1975 4264 sane
1997 4210 2305 4273 constantia,
2326 4215 2381 4258 et
2400 4222 2515 4271 pro-

1453 4307 1520 4357 pe
1541 4293 1650 4343 sine
1683 4291 1943 4356 exemplo,
1981 4288 2188 4340 tradere
2224 4299 2281 4335 se
2314 4282 2518 4333 libidini
