2950 4892
648 334 714 382 1..
759 333 1019 386 ANNE-1
1069 335 1290 388 thom
1338 337 1485 385 Lm.
1533 337 1616 388 H.
1665 338 1830 388 cAP.

247 479 374 541 uum,
411 475 650 541 Gradive,
690 477 866 542 Scipio
906 477 1105 534 victer-³
1183 480 1272 531 De

248 555 469 619 trophaeis
487 555 724 620 Pompeii
757 556 910 606 etiam
939 556 1042 608 Dio
1077 556 1167 608 lib.
1188 561 1271 610 41.

247 647 293 697 p.
321 637 423 684 186.
484 634 554 682 Et
589 632 730 684 Plin.
765 636 849 696 ⁸7,
878 638 929 697 2,
956 637 1005 683 Β.
1038 633 1055 662 ⁴
1075 633 1274 699 Imago,

247 723 380 774 quatu
390 709 650 775 Pyrenaeis
670 710 932 762 montibus
949 710 1274 776 imposuisti)

299 863 343 926 §-
363 866 421 913 17
453 863 640 927 Etim]
672 863 760 914 Ita
775 879 825 916 ν.
848 878 896 916 e.
918 867 975 914 et
995 863 1149 915 codd.
1168 864 1275 930 qui·

243 936 345 989 dan
371 940 548 1004 scripti
577 941 785 992 vineti:
823 947 884 992 ut
919 948 977 991 et
1012 941 1147 992 Pell.
1185 941 1275 992 alii

241 1013 374 1078 editi,
388 1031 502 1067 eum.
523 1017 689 1070 Idem.
723 1019 889 1072 Etiam
902 1033 1078 1071 ornnes
1094 1018 1276 1085 scripti

243 1096 293 1142 et
309 1090 401 1144 Ed.
419 1094 484 1143 V.
504 1093 573 1143 B.
596 1095 648 1145 S.
675 1100 730 1145 et
747 1094 813 1146 P.
878 1096 1007 1146 Em
1039 1094 1190 1147 Junt.
1217 1102 1276 1148 et

242 1166 347 1221 And.
405 1170 472 1220 Et
492 1171 591 1222 hoc
609 1171 664 1221 in
684 1171 990 1237 quibusdam
1009 1171 1115 1222 suis
1131 1173 1274 1222 inre-

240 1245 362 1298 nisse
377 1246 582 1297 videtur
601 1247 839 1299 Vinctus.
902 1248 1038 1299 Nam
1057 1249 1135 1299 ita
1155 1248 1275 1299 scri·

241 1319 337 1373 bit:
366 1323 609 1375 ‘Vetusti
640 1324 848 1390 quidam
884 1324 1004 1376 libri
1036 1324 1276 1376 scribunt

239 1398 368 1450 dica
386 1415 477 1466 pro
495 1401 637 1451 eum-⁹
668 1402 790 1453 Non
810 1400 981 1466 video,
991 1416 1145 1467 quem
1160 1416 1274 1452 sen·

238 1475 438 1527 tentiam
458 1477 650 1529 babeat
665 1478 826 1543 etium,
843 1485 1089 1542 putoque,
1102 1478 1277 1528 locum

238 1551 307 1603 ita
319 1551 761 1619 distinguendum:
792 1553 1120 1620 tropoeafirit.
1157 1553 1277 1604 Ten-

237 1630 334 1681 den
348 1646 448 1682 aas
467 1632 786 1683 Fabianum
799 1632 853 1682 in
867 1630 1003 1683 Edd.
1020 1630 1276 1682 Camertis

236 1713 289 1760 et
303 1709 481 1760 Stadii.
513 1711 591 1761 Et
607 1710 683 1760 sic
702 1708 978 1761 videbatur
990 1707 1279 1761 Perizonio.

239 1784 355 1836 Mox
370 1787 433 1837 V.
453 1788 516 1839 E.
537 1785 786 1852 oppressit.
852 1785 1077 1836 Retinet>
1099 1785 1277 1850 vulga-

239 1867 356 1916 tum.
411 1865 532 1917 vid.
557 1865 627 1915 ad
653 1878 729 1915 ιν.
750 1867 802 1914 2.
822 1866 904 1913 19.

293 1940 541 2006 Pompilio]
575 1940 834 2001 Diodoro,
848 1938 936 1989 lib.
953 1941 1035 1990 32.
1057 1944 1138 1990 est
1157 1942 1279 2000 Σκη-

236 2014 354 2066 riuv.
394 2018 549 2068 Ferte
571 2016 677 2082 leg.
698 2014 905 2077 Κηπίων,
927 2021 983 2066 et
1004 2015 1139 2080 apud
1163 2017 1281 2067 Flo-

238 2106 357 2158 rum,
383 2093 607 2158 Seruilio,
638 2107 734 2158 pro
768 2092 1017 2157 Pompilio.
1049 2092 1282 2143 Freinsh.

239 2168 334 2220 Hic
354 2186 553 2238 quoque
594 2176 685 2220 aut
707 2169 930 2234 turpiter
950 2183 1146 2220 errasse
1169 2169 1282 2219 Flo·

239 2258 357 2310 rum,
398 2254 490 2298 aut
523 2245 669 2297 foede
707 2244 864 2296 fuisse
911 2244 1280 2310 interpolatum

236 2323 424 2374 erudite
441 2324 606 2375 docet
634 2321 957 2388 ingeniosiss.
980 2321 1283 2372 Perizonius

239 2398 738 2452 Animadversionum
761 2397 1136 2450 Historicarum
1164 2413 1283 2463 cap.

235 2479 307 2528 10.
326 2482 560 2541 testatus,
584 2477 654 2530 Q.
678 2475 951 2527 Servilium
986 2475 1283 2539 Caepiouem

237 2553 492 2606 Consulem
541 2552 668 2605 anni
705 2558 818 2605 613.
853 2551 1016 2603 Fabio
1054 2553 1285 2603 Maximo

237 2629 509 2682 serviliano
532 2625 872 2694 successisse,
889 2637 945 2681 et
959 2629 1023 2679 ab
1037 2630 1134 2680 boc
1152 2628 1288 2682 frau-

235 2708 295 2759 de
313 2710 572 2762 sublatum
594 2709 908 2771 Viriathum,
924 2707 1061 2774 quod
1082 2714 1290 2759 constet

238 2798 298 2835 ex
338 2786 903 2853 Appian.1.iv.Vell.
958 2791 1012 2836 et
1051 2785 1171 2833 Val.
1210 2785 1290 2837 Μ.

238 2860 411 2928 Neque
432 2877 617 2914 verum
639 2875 754 2913 esse
777 2860 1063 2912 Viriathum
1081 2875 1111 2911 a
1128 2860 1289 2912 Fabio

236 2933 381 2988 fuisse
411 2952 742 3004 oppressum,
770 2951 886 2987 cum
920 2942 1102 2987 contra
1122 2936 1289 2986 Viria-

239 3011 345 3065 thus
365 3015 580 3066 Fabium
615 3014 681 3065 ad
717 3028 897 3077 pacem
931 3027 1108 3064 secum
1131 3013 1293 3079 aequis

235 3090 604 3141 conditionibus
617 3089 906 3141 faciendam
919 3090 1175 3154 adegerit,
1194 3096 1292 3141 tes-

209 3229 218 3236 ·
238 3172 288 3214 te
307 3167 562 3233 Appiano,
581 3168 671 3231 qni
691 3168 789 3218 ista
803 3182 932 3232 pace
949 3167 1119 3218 labem
1139 3167 1294 3218 rebus

193 3243 198 3250 '
237 3255 477 3310 prospere
515 3244 822 3310 ceteroquin
861 3258 894 3294 a
936 3257 998 3294 se
1033 3244 1195 3307 gestis
1237 3244 1290 3294 iu

237 3320 480 3387 Hispania
494 3323 826 3388 imposuerit,
839 3321 998 3387 idque
1013 3323 1291 3386 Epitomen

236 3396 361 3449 Livii
398 3399 609 3452 docere.
674 3400 947 3449 Praeterea
977 3398 1144 3449 nullos
1182 3407 1293 3451 tum

235 3471 386 3525 fnisse
409 3477 592 3526 Romae
614 3474 921 3540 Pompilios,
954 3472 1044 3524 sed
1082 3474 1291 3525 Florum

239 3550 502 3616 scripsisse
536 3552 746 3615 Popilio.
808 3550 985 3601 Fuisse
1007 3556 1177 3612 autem
1211 3551 1291 3608 Μ.

235 3624 495 3691 Popilium
520 3643 656 3679 anuo
675 3633 808 3693 'post
836 3627 1134 3691 Caepiouem
1158 3626 1294 3677 Con-

233 3701 408 3766 sulem,
426 3711 485 3754 et
509 3720 578 3754 ex
600 3703 855 3768 Hispania
876 3717 1078 3769 quoqne
1100 3702 1294 3752 tenuis-

235 3790 288 3827 se
306 3780 632 3842 provinciam
652 3781 884 3830 alteram.
926 3778 1031 3830 Sed
1055 3792 1172 3828 eum
1191 3792 1293 3828 uon

234 3861 411 3906 contra
431 3855 748 3920 Viriathum,
760 3855 852 3907 sed
869 3862 1050 3906 contra
1066 3855 1296 3905 Numan-

234 3930 364 3981 tinos
387 3931 587 3984 bellum
621 3932 858 3996 gessisse,
876 3946 1043 3998 neque
1066 3931 1120 3982 id
1151 3932 1295 3981 illum

234 4006 540 4071 confecisse,
598 4009 688 4059 sed
739 4008 908 4061 fusum
956 4009 1296 4074 fugatumque

235 4097 345 4133 cum
367 4085 657 4149 ignominia
677 4085 956 4136 successori
979 4087 1075 4136 boc
1103 4084 1295 4135 bellum

232 4159 522 4211 tradidisse.
591 4161 753 4212 Posse
787 4170 961 4213 autem
995 4169 1077 4214 tot
1108 4162 1296 4212 errori-

235 4234 326 4288 bus
348 4237 564 4294 Florum
597 4237 823 4301 liberari,
845 4242 886 4291 si
921 4255 1018 4308 pro
1038 4254 1296 4292 successere

1875 323 1983 390 17.
2274 325 2403 393 771

1350 480 1583 546 Pompilio
1613 481 1892 532 scribamus
1908 495 2165 533 sumre
2187 484 2406 548 Cepione

1343 556 1564 621 Seruilio,
1579 557 1717 622 quod
1739 557 1895 610 facile
1918 560 2147 624 potuisse
2164 560 2279 611 fieri
2297 562 2407 625 plu-

1346 632 1488 685 ribus
1506 635 1558 685 iu
1580 635 1694 686 leco
1716 634 1928 688 laudato
1947 636 2181 687 ostendit
2198 637 2405 697 Perizo-

1347 708 1481 762 nius.
1546 711 1663 761 Nee
1703 710 1937 775 improbo
1969 713 2250 764 sollertiam
2286 714 2407 778 Viri

1346 793 1403 839 et
1423 789 1583 840 amici.
1606 789 1801 852 eximii,
1834 804 1955 841 vero
1987 791 2200 842 similius
2233 797 2409 848 tamen

1345 865 1471 916 mihi
1493 866 1701 918 videtur
1722 865 1927 918 Florum
1945 868 2027 919 bic
2050 875 2111 920 ut
2130 869 2406 934 innumeris

1350 943 1465 994 aliis
1486 944 1540 993 in
1562 945 1689 996 locis
1712 945 2037 998 dormitasse.
2103 947 2408 1011 Caepionem

1345 1024 1674 1088 oppressisse
1690 1025 1983 1078 Viriathum
2016 1031 2215 1091 proter
2236 1027 2408 1082 lauda-

1349 1104 1430 1150 tos
1452 1113 1485 1149 a
1506 1101 1778 1154 Perisouio
1810 1103 2093 1166 scriptores
2127 1103 2410 1156 clarissime

1348 1174 1508 1228 docet
1540 1175 1667 1227 Aur.
1707 1178 1889 1230 Victor
1928 1193 1976 1231 c.
2009 1183 2093 1230 ⁷1.
2124 1179 2141 1207 ⁴
2160 1180 2354 1232 Pacem
2374 1196 2410 1232 a

1347 1254 1484 1319 Pop.
1506 1256 1673 1306 Rom.'
1707 1254 1807 1322 (sic
1828 1264 1973 1309 recte
1992 1272 2059 1308 ex
2074 1259 2207 1309 Mes.
2229 1259 2411 1314 Schot-

1349 1336 1452 1394 tus,
1472 1346 1588 1382 cum
1607 1347 1883 1397 perperam
1899 1335 2103 1399 legatur
2118 1334 2172 1384 iu
2185 1335 2411 1400 vulgatis

1350 1407 1562 1474 Popilie)
1590 1409 1607 1437 ‘
1624 1409 1809 1461 maluit
1823 1410 2028 1475 integer
2046 1417 2244 1475 petere,
2256 1426 2413 1476 quam

1349 1485 1551 1537 victus:
1586 1495 1645 1538 et
1666 1501 1786 1538 cum
1806 1488 1906 1540 alia
1927 1487 2179 1552 dedisset,
2196 1495 2253 1538 et
2270 1503 2417 1540 arma

1349 1561 1716 1627 retinerentur,
1735 1562 1930 1614 bellum
1951 1563 2234 1615 renovavit.
2298 1564 2413 1616 C·-

1349 1638 1439 1703 pio
1461 1653 1579 1689 cum
1611 1640 1821 1691 vincere
1844 1654 1962 1692 eum
1982 1641 2136 1692 aliter
2161 1653 2265 1691 non
2297 1654 2416 1704 pos·

1349 1721 1450 1780 set,
1469 1715 1598 1766 duos
1630 1716 1883 1768 satellites
1914 1717 2137 1781 pecunia
2163 1715 2415 1781 corrupit,

1351 1792 1442 1857 qui
1477 1792 1771 1846 Viriathum
1800 1792 1942 1842 humi
1974 1791 2266 1858 depositum
2298 1805 2417 1856 per-

1352 1878 1609 1920 emerunt.
1673 1870 1805 1921 Quo
1850 1868 2069 1920 victoria
2109 1869 2233 1935 quia
2274 1875 2416 1919 emta

1353 1951 1490 2008 erat,
1524 1960 1557 1995 a
1590 1952 1777 1997 senatu
1809 1959 1917 1996 non
1950 1945 2208 2010 probata?
2248 1945 2415 2000 (ἕνα.

1339 2021 1597 2086 »Quinque
1633 2022 1756 2074 libri
1806 2022 1986 2074 Vinetl
2040 2022 2203 2088 Megl.
2258 2023 2416 2074 Fran.

1354 2096 1473 2147 edd.
1511 2097 1577 2149 Β.
1602 2098 1658 2148 S.
1689 2099 1754 2148 P.
1787 2105 1845 2148 et
1875 2098 1929 2150 J.
1968 2098 2221 2163 Pompilio.
2286 2099 2416 2150 Nes.

1355 2175 1474 2225 Pal.
1496 2178 1546 2224 2.
1585 2175 1721 2228 Flor.
1753 2174 1930 2226 Berol.
1963 2174 2155 2226 Duisb.
2187 2174 2336 2226 Voss.
2359 2180 2419 2225 et

1356 2264 1407 2301 v.
1430 2264 1479 2300 e.
1514 2249 1719 2313 Popilie.
1749 2250 1918 2314 Ryck.
1953 2250 2140 2315 popule.
2190 2250 2420 2313 Florum,

1355 2327 1399 2375 si
1420 2326 1627 2391 Popilio,
1648 2327 1733 2377 vel
1756 2325 1977 2391 Popillio,
2008 2326 2083 2376 ita
2105 2327 2242 2377 enirn
2262 2332 2344 2377 est
2363 2326 2418 2377 in

1357 2402 1545 2465 Fastis,
1577 2402 1806 2467 scripsit,
1841 2417 2045 2453 errasse
2079 2403 2425 2464 certissimum,

1357 2485 1458 2532 est.
1524 2478 1627 2529 Sed
1669 2478 1895 2529 nondum
1934 2493 2030 2543 pro
2074 2484 2223 2529 certo
2264 2479 2420 2531 adfir-

1356 2555 1487 2605 mari
1510 2560 1689 2619 potest
1707 2556 1804 2604 boc
1826 2553 2021 2619 abipso
2041 2554 2195 2604 Floro
2217 2553 2423 2619 profec-

1359 2637 1472 2683 tum
1518 2646 1647 2682 esse.
1734 2631 1873 2682 Nam
1919 2630 1974 2680 in
2018 2630 2185 2694 Regg.
2227 2630 2421 2682 diserte

1360 2710 1615 2773 scriptum
1639 2713 1719 2758 est
1739 2707 1875 2758 Seru.
1898 2708 2135 2772 Cepione,
2152 2713 2209 2758 et
2228 2707 2280 2758 in
2305 2709 2420 2760 Pal.

1364 2792 1411 2840 1.
1432 2799 1518 2852 ap.
1550 2786 1707 2837 Salm.
1730 2801 1883 2851 quem
1916 2787 2174 2837 Gruterus
2209 2786 2423 2838 tertium

1361 2870 1532 2927 vocat,
1553 2863 1788 2926 Caepione,
1812 2862 1932 2912 ΑΜ.
1954 2864 2182 2914 Camert-
2195 2871 2252 2912 et
2273 2862 2423 2914 stad.

1363 2938 1500 2991 Edd.
1520 2938 1745 3000 Ser-silim
1765 2937 1904 3004 quod
1927 2938 2184 2990 Gruterus
2215 2955 2248 2989 a
2268 2938 2426 2991 Criti-

1363 3017 1439 3070 cis
1494 3016 1747 3067 intrusum
1792 3014 1939 3066 dicit.
2023 3015 2215 3080 Beger.
2260 3014 2427 3066 edidit

1368 3093 1587 3157 Cepione
1624 3090 1844 3148 Servilio.
1908 3092 2075 3143 Recte
2114 3091 2320 3158 quidem
2358 3106 2426 3142 ex

1363 3168 1618 3219 Historia.
1669 3167 1774 3218 Sed
1796 3182 1907 3221 non
1921 3168 2175 3219 debuerat
2195 3168 2305 3219 sine
2321 3169 2427 3220 ullo

1364 3245 1607 3311 prasidio
1629 3244 1873 3295 librorum
1907 3245 2256 3310 conjecturam
2279 3245 2427 3296 Peri-

1363 3322 1500 3374 sonii
1519 3321 1819 3385 admittere,
1853 3322 1959 3388 qui,
1991 3322 2129 3388 quod
2162 3324 2337 3388 miror,
2357 3338 2425 3378 ne

1365 3399 1482 3463 ipse
1503 3397 1711 3463 quidem
1730 3397 1797 3447 ad
1821 3399 2126 3462 scripturam
2152 3399 2268 3451 Pel.
2290 3404 2338 3450 1.
2371 3401 2428 3452 in

1366 3490 1470 3541 quo
1508 3480 1593 3525 est
1632 3475 1868 3538 Cepione,
1908 3483 2174 3538 provocat.
2256 3476 2428 3540 Magis

1365 3552 1555 3602 inclino
1576 3551 1642 3601 sd
1666 3552 1872 3604 Florum
1897 3552 2050 3617 culpa
2082 3551 2424 3614 liberandum,

1365 3643 1520 3695 quam
1554 3626 2019 3679 condemnandum.
2084 3626 2185 3677 Sed
2227 3626 2429 3691 reliqui,

1366 3704 1505 3770 quod
1526 3705 1761 3770 plerique
1782 3705 1985 3768 scripti,
2006 3704 2102 3754 Ed.
2126 3709 2229 3754 vet.
2260 3716 2321 3752 ac
2347 3716 2431 3752 re·

1367 3782 1624 3833 centiores
1638 3780 1914 3832 habebant.

1441 3859 1631 3909 Violate
1678 3854 1900 3920 uictoria]
1958 3852 2062 3905 Inf.
2105 3859 2158 3918 2,
2199 3857 2285 3917 20,
2338 3869 2435 3924 ap·

1369 3935 1566 3999 pellat:
1636 3933 1653 3961 ‘
1690 3933 1903 3984 violare
1967 3944 2108 3981 arms
2168 3929 2432 3986 Romana:

1369 4010 1592 4063 Freinsh-

1438 4087 1538 4145 Qui
1556 4085 1851 4153 conficienda
1868 4084 1948 4135 rei
1961 4084 2180 4149 ncpidus]
2214 4083 2318 4135 Cur
2331 4084 2431 4149 eje·

1370 4164 1540 4215 ceriut
1551 4161 1609 4211 τὸ
1623 4163 1791 4227 qnippe
1807 4176 2039 4212 caussam
2052 4161 2244 4211 nullam
2263 4159 2434 4210 video.

1371 4240 1434 4291 Iu
1459 4238 1629 4305 Ryck.
1653 4238 1789 4294 enim
1823 4244 1876 4288 et
1911 4237 2145 4290 omnibus
2167 4236 2320 4288 editis
2341 4250 2430 4286 sn-
