2950 4892
687 424 754 474 ι..
802 421 1058 475 Auum
1106 421 1327 473 nom
1379 422 1524 471 mn.
1572 422 1684 472 ιιι.
1730 423 1896 474 οΑΡ.
1937 408 2001 476 8.

255 583 364 620 cnm
401 568 550 619 Floro
585 566 768 618 scribit
794 565 1006 630 Strabo,
1042 564 1134 616 lib.
1156 570 1207 617 4.
1238 578 1294 629 p.

255 650 359 697 128.
390 651 672 711 erectaque
713 644 828 695 boec
871 645 1103 709 trophea
1134 644 1293 709 Juxta

255 721 574 773 Cemmennm
605 729 834 773 montem
856 721 921 772 sd
945 719 1293 772 confluentem

254 796 405 850 Isara
439 806 495 849 et
528 798 783 849 Rhodani.
818 798 957 849 stad.
1025 796 1163 848 Add.
1197 796 1295 846 Cn·

255 875 383 924 saub.
405 875 469 925 ad
489 875 664 927 Strab.
687 877 722 926 l.
747 876 800 927 d.

312 950 557 1015 Nunquam
592 952 717 1002 enin
742 952 806 1003 P.
835 953 898 1003 R.
931 952 1140 1003 hostibus
1169 952 1297 1003 dom.

252 1026 486 1078 decuriam
507 1043 643 1078 suun·
671 1029 997 1093 exprobravit]
1027 1029 1219 1080 Similis
1240 1035 1298 1080 et

252 1103 617 1156 Macedonibus
677 1106 983 1169 moderatio,
1035 1104 1301 1155 Pausania

252 1185 378 1230 teste
400 1181 449 1229 in
469 1180 740 1246 Boeoticis‚
770 1180 874 1231 fine
898 1181 1033 1232 libri.
1101 1181 1296 1232 Nescio

253 1254 366 1319 quid
394 1255 587 1316 Livius,
619 1260 669 1319 8,
689 1260 770 1321 80,
792 1261 873 1307 10.
905 1256 1147 1319 senserit,
1180 1271 1298 1307 cum

251 1328 507 1395 scriberet,
543 1332 761 1383 Fabium
803 1347 948 1384 arma
991 1333 1298 1384 Samnitium

253 1421 509 1472 cremasse,
529 1416 697 1474 metu,
716 1412 733 1440 ⁸
753 1424 820 1461 ne
836 1425 943 1461 snae
965 1411 1142 1476 glorie
1165 1408 1300 1460 fruc-

252 1489 355 1534 tum
378 1484 610 1535 dictator
629 1484 930 1553 (Papirius)
954 1491 1191 1550 caperet,
1208 1498 1299 1535 no·

249 1574 460 1626 menqne
475 1562 553 1612 ibi
571 1562 852 1613 scriberetz
871 1562 887 1587 '
907 1563 1043 1629 qnod
1059 1561 1297 1628 equidem

253 1637 312 1686 de
323 1639 557 1702 trophaeo
568 1637 976 1704 intelligendum,
985 1639 1299 1703 erigentium

249 1715 479 1779 exempla
520 1713 749 1767 docent:
799 1716 862 1766 iis
914 1715 1054 1766 enim
1093 1714 1301 1765 nomina

252 1805 337 1841 sua
392 1792 683 1844 inscribere
738 1793 896 1844 moris
954 1798 1103 1843 erat:
1160 1790 1300 1858 quod

251 1865 428 1917 deinde
447 1868 547 1919 snb
572 1868 859 1920 Caesaribus
889 1867 1109 1919 factum.
1173 1867 1299 1916 Tac.

251 1942 347 1993 An.
382 1949 430 2009 8,
459 1949 551 2008 22,
588 1950 637 1996 1.
680 1945 900 1997 m.
964 1944 1133 1995 Locus
1165 1943 1301 1993 Livii

250 2018 456 2071 forsitan
500 2022 839 2088 accipiendus
882 2027 964 2073 est
1006 2020 1074 2071 de
1124 2019 1303 2085 spoliis

251 2104 365 2160 post
397 2097 716 2163 triumphum
753 2098 810 2148 in
834 2097 1044 2162 templis
1063 2097 1302 2147 'Deorum

252 2186 362 2223 cum
380 2175 582 2226 solenni
604 2175 956 2241 Inscriptione
975 2173 1110 2225 fixis.
1165 2173 1215 2224 N
1220 2185 1303 2223 am

253 2249 502 2304 Romanos
548 2252 742 2318 alioqui
801 2253 866 2302 iis
919 2251 1071 2314 locis,
1121 2250 1305 2317 quibus

249 2326 368 2377 victi
387 2326 602 2379 fuerunt
621 2329 814 2394 hostes,
823 2343 932 2380 non
947 2328 1122 2380 solitos
1144 2326 1304 2378 fnisse

251 2409 441 2469 tropas
470 2420 671 2471 ponere
704 2420 848 2457 more
878 2406 1202 2468 Graecorum,
1232 2405 1307 2455 in-

252 2478 378 2531 dicio
413 2488 497 2533 est
537 2481 798 2533 silentium
817 2481 1145 2547 Scriptorum
1168 2481 1308 2531 Lati·

252 2569 424 2608 norum
468 2558 540 2609 de
578 2573 644 2609 ea
685 2573 774 2609 rex
820 2573 974 2624 quum
1012 2558 1065 2607 in
1103 2557 1306 2609 Grecis

252 2632 370 2682 nibil
402 2633 732 2702 frequentius
767 2636 858 2701 sit,
890 2650 1042 2702 quam
1071 2641 1151 2699 ut,
1184 2643 1307 2700 post

251 2709 463 2761 relatam
506 2712 721 2762 alterins
767 2712 933 2777 partis
976 2711 1197 2775 cladem,
1238 2711 1307 2762 de

251 2785 530 2856 victoribus
581 2786 760 2838 dicant
804 2785 1028 2853 τρόπαιον
1081 2785 1305 2847 ἔστησαν.

252 2860 526 2913 Romulum
563 2863 773 2930 quidem
794 2864 963 2928 spolia
982 2861 1205 2913 Aeronis
1242 2864 1308 2913 sd

253 2953 494 3004 quercum
525 2940 581 2991 in
614 2941 825 2992 modum
867 2940 1059 3006 tropoei
1101 2947 1311 2991 muca-

254 3024 356 3067 tsm
398 3017 734 3084 suspendisse
767 3018 951 3069 dicunt
982 3018 1222 3080 Veteres,
1254 3023 1312 3067 et

252 3093 556 3145 Flaminium
575 3094 700 3147 Jovi
722 3107 934 3145 aureum
967 3101 1223 3159 tropeum
1244 3093 1312 3145 de

252 3170 517 3236 torquibus
560 3171 829 3223 Gallorum
875 3172 1110 3237 posuisse
1151 3172 1313 3223 etiam

251 3248 434 3301 Florus
456 3263 523 3301 n.
545 3255 597 3302 4.
627 3256 677 3302 4.
741 3251 847 3303 Sed
884 3251 999 3303 hec
1036 3251 1139 3301 alia
1174 3256 1310 3301 sunt.

254 3324 387 3377 Nam
427 3327 635 3392 Florus,
666 3333 727 3378 nt
765 3335 913 3379 recte
948 3326 1316 3378 animadvertit

252 3399 539 3467 Repertus,
571 3403 656 3454 bic
693 3402 761 3454 de
797 3404 1012 3470 tropoeis
1047 3419 1109 3455 ac
1138 3418 1315 3454 monu-

250 3478 442 3529 mentis
478 3481 531 3529 in
557 3479 758 3531 hostico
779 3482 1026 3533 excitatis
1048 3481 1313 3547 loquitur:

250 3551 340 3604 ills
381 3556 653 3621 superiora
703 3564 880 3609 eutem
924 3559 1105 3609 Romae
1147 3560 1318 3623 posita

252 3628 486 3684 fuerant.
550 3634 667 3685 Nec
688 3634 815 3685 satis
838 3649 1011 3686 cansae
1034 3648 1148 3685 esse
1167 3641 1318 3701 puto,

255 3720 344 3756 cur
369 3707 440 3758 ob
461 3708 535 3772 id,
559 3709 698 3776 quod
721 3708 790 3760 de
810 3710 1030 3761 Romulo
1052 3711 1316 3776 proditum

252 3786 351 3844 est,
369 3783 470 3833 Vir
486 3784 743 3837 eruditiss.
779 3787 1102 3839 Benedictus
1120 3786 1318 3838 Avern-

249 3860 368 3911 nius
388 3860 539 3912 Diss.
560 3874 718 3916 xxiv.
747 3863 802 3913 in
836 3864 950 3915 Lir.
972 3864 1188 3924 scribat,
1225 3863 1321 3914 fel-

253 3949 364 3987 sum
386 3951 525 4002 esse,
545 3940 684 4005 qnod
703 3939 789 3991 hic
811 3940 1032 3992 tradidit
1052 3942 1254 3992 Florus.

320 4018 464 4067 Cu.
497 4022 528 4067 8
578 4018 663 4068 De
699 4017 838 4069 bello
874 4018 1142 4070 Cimbrico
1178 4018 1321 4084 Bpit.

252 4092 369 4145 Liv.
392 4099 482 4157 67,
503 4102 561 4147 et
578 4100 661 4147 68.
717 4097 867 4149 Plut.
890 4098 1081 4162 Mario,
1101 4112 1221 4163 cap.
1238 4101 1323 4160 86,

257 4172 356 4221 dte.
378 4178 438 4221 et
461 4170 656 4222 Parall.
679 4187 798 4238 cap.
820 4178 905 4224 2⁰.
954 4172 1182 4240 Appian.
1204 4174 1323 4225 Cei·

255 4244 386 4295 tico.
455 4245 573 4296 Val.
607 4246 685 4297 M.
719 4254 770 4312 6,
809 4253 863 4312 8,
894 4252 946 4299 4.
1016 4248 1214 4300 Auctor
1255 4248 1324 4298 de

258 4320 375 4372 Vir.
397 4321 488 4373 m.
509 4336 559 4372 c.
574 4326 655 4375 67.
699 4324 836 4378 Plin.
856 4329 911 4388 7,
934 4328 1017 4377 28.
1037 4329 1120 4391 16,
1138 4328 1222 4377 88.
1242 4328 1326 4390 17,

2299 410 2429 480 ’799

1370 567 1415 614 ι.
1436 567 1522 627 so,
1545 568 1592 615 ι.
1623 564 1859 617 Ριοιιιίιι.
1878 571 1926 631 1,
1941 570 1992 632 a,
2010 571 2062 617 o.
2088 571 2140 632 1,
2162 574 2213 631 ε,
2229 570 2279 620 s.
2300 572 2354 634 a,
2375 574 2430 637 2,

1367 645 1416 691 8.
1486 642 1707 707 Eutrop.
1726 649 1777 705 6,
1798 647 1846 694 1.
1868 643 2025 695 Oros.
2046 649 2097 708 δ,
2126 648 2207 695 16.
2238 645 2430 697 Euseb.

1369 717 1486 768 Lib.
1505 718 1691 784 Temp.
1727 722 1864 770 Can.
1930 721 2072 785 Lege
2093 721 2231 771 vsu.
2261 726 2314 786 2,
2348 724 2430 773 12.

1368 796 1504 847 Ces.
1524 797 1594 846 B.
1612 796 1680 847 G.
1702 801 1751 847 1.
1774 800 1859 860 88,
1880 802 1939 847 et
1958 802 2040 848 40.
2061 801 2208 862 7,·Π.
2239 799 2433 864 Veget.

1368 875 1420 936 8,
1442 877 1525 923 16.
1559 871 1651 924 fln.
1688 872 1805 923 Vel.
1829 874 1907 925 M.
1926 878 1979 938 6,
1997 877 2047 937 9,
2068 878 2150 925 14.
2172 880 2229 925 et
2287 876 2433 927 roeci·

1369 964 1474 1015 pne
1496 949 1810 1015 Pontanum,
1839 951 2005 1015 princ.
2030 951 2171 1004 Hist.
2192 951 2241 1001 D
2414 988 2432 1019 ,

1370 1026 1459 1091 qni
1485 1019 1648 1077 t'otsm
1684 1028 1818 1078 hanc
1838 1028 2108 1079 historiam
2140 1029 2435 1082 accuratius

1370 1110 1428 1152 et
1447 1103 1709 1168 copiosius
1730 1119 1798 1155 ex
1821 1103 2167 1170 scriptoribus
2198 1105 2433 1170 probatis

1370 1180 1648 1244 congessit.
1729 1182 1812 1231 De
1866 1181 2191 1233 Cimbrorum
2234 1184 2434 1248 origine

1371 1256 1477 1308 vid.
1498 1258 1735 1308 Dresser.
1752 1258 1958 1309 Millen.
1977 1264 2025 1309 1.
2045 1274 2096 1325 p.
2111 1264 2188 1310 86.
2213 1260 2436 1312 Freinsls.

1438 1335 1485 1398 §.
1522 1337 1548 1383 1
1590 1334 1844 1397 Thestoris]
1879 1334 2081 1386 Horum
2114 1335 2435 1387 mentionem

1371 1409 1502 1461 facit
1546 1403 1798 1476 Pytheas,
1841 1425 1925 1476 ap.
1965 1411 2104 1463 Piin.
2144 1417 2229 1476 87,
2260 1417 2314 1476 2,
2351 1416 2435 1463 ²1.

1376 1487 1528 1538 Idem.
1561 1488 1730 1552 Ryck.
1749 1493 1806 1538 et
1822 1488 1981 1539 Fran.
2007 1489 2235 1540 Teutoni:
2253 1505 2299 1540 v.
2321 1491 2366 1554 ς.
2385 1493 2434 1541 ’1.

1442 1564 1640 1630 Gallia]
1693 1564 1967 1615 Ger-sunia
2020 1565 2227 1630 legend.
2281 1563 2438 1617 docet

1375 1641 1584 1694 Cluver.
1618 1641 1798 1693 Germ.
1844 1641 2027 1709 Antiq.
2053 1648 2105 1707 l,
2126 1647 2206 1694 10.
2227 1647 2346 1708 2‚4.
2379 1648 2438 1693 et

1374 1722 1426 1781 8,
1463 1722 1549 1770 22.
1591 1718 1681 1785 qui
1716 1720 1812 1769 hac
1858 1718 1925 1769 de
1964 1734 2023 1770 re
2061 1709 2436 1784 copiosissime.

1379 1794 1555 1845 Gonia
1577 1796 1777 1846 retinet
1796 1802 1853 1848 et
1872 1795 2108 1861 explicat
2144 1797 2208 1847 B.
2241 1796 2440 1847 Rhena-

1374 1883 1493 1934 nus,
1508 1869 1635 1922 Rer.
1657 1870 1840 1922 Germ.
1860 1871 1953 1923 lib.
1978 1876 2027 1922 1.
2047 1887 2101 1937 p.
2122 1875 2204 1923 19.
2226 1870 2267 1924 f.
2284 1873 2437 1925 Ides·-

1373 1946 1455 1998 Ab
1497 1948 1725 1999 extremis
1771 1949 1949 2000 Gallia
1984 1949 2211 2015 profrrgi]
2240 1951 2437 2001 Verum

1376 2031 1460 2075 est
1483 2025 1549 2075 de
1569 2026 1848 2091 Tigurinis,
1878 2040 1980 2078 non
2002 2028 2069 2078 de
2106 2027 2349 2092 Cimbris,
2382 2033 2441 2078 et

1375 2101 1647 2154 Teutonis.
1713 2103 1820 2153 Sed
1852 2103 2032 2154 Florus
2053 2103 2258 2155 videtur
2278 2103 2441 2172 etiam

1378 2177 1716 2229 Germaniam
1727 2178 1924 2231 dixisse
1933 2180 2178 2246 Galliam,
2191 2179 2331 2246 quod
2350 2195 2441 2230 an·

1379 2254 1655 2321 tiquissimi
1668 2256 1858 2307 Gellia
1878 2256 2064 2307 incola
2079 2256 2293 2308 fuerunt
2311 2257 2444 2308 Ger·

1377 2333 1550 2394 meni;
1581 2332 1735 2383 sicuti
1768 2331 1948 2384 Graeci
1978 2333 2154 2384 Celtas
2192 2332 2444 2384 dixerunt

1379 2409 1673 2461 Germanos
1716 2414 1772 2459 et
1813 2408 2016 2472 Gallos,
2063 2422 2183 2460 cum
2228 2409 2440 2474 proprie

1380 2486 1605 2551 Hispani
1641 2486 1747 2536 sint
1777 2485 1961 2536 Celtae.
1999 2485 2159 2535 Graeu.
2227 2485 2348 2536 Nou
2371 2485 2443 2534 vi·

1380 2560 1502 2625 deo,
1540 2561 1795 2626 quomodo
1836 2561 1948 2612 hec
1991 2560 2128 2612 ratio
2171 2557 2449 2625 procedet.

1380 2640 1436 2690 Si
1500 2637 1842 2705 antiquissimi
1898 2637 2197 2690 Germania
2259 2637 2442 2689 incola

1380 2714 1603 2766 fuissent
1639 2715 1802 2778 Galli,
1852 2714 2202 2781 adpellatione
2251 2713 2441 2765 Gallie

1380 2792 1539 2842 etiam
1555 2791 1838 2843 Germania
1857 2789 2227 2855 comprehendi
2247 2795 2444 2855 posset.

1380 2868 1575 2918 Verum
1600 2881 1757 2934 quum
1779 2867 2069 2919 Germanos
2100 2866 2284 2931 priscis
2315 2873 2444 2916 tem·

1382 2943 1597 3008 poribus
1616 2943 1844 2996 Galliam
1858 2943 2121 2995 habitasse
2136 2942 2281 2994 dicat
2297 2941 2444 2993 Gro-

1385 3021 1515 3084 vins,
1548 3021 1729 3085 ntique
1759 3018 2154 3070 convenIentins
2184 3024 2322 3084 erat,
2354 3032 2446 3069 no·

1383 3096 1523 3147 mine
1555 3094 1851 3147 Germania
1885 3094 2045 3146 etism
2073 3094 2301 3147 Galliam
2323 3109 2445 3146 con·

1385 3173 1563 3224 tineri.
1630 3173 1867 3226 Cimbros
1899 3180 1958 3224 et
1983 3173 2248 3225 Teutonos
2279 3187 2382 3225 non
2416 3187 2447 3223 e

1386 3251 1580 3315 Gallia,
1613 3249 1708 3301 sed
1748 3251 1815 3302 sb
1858 3251 2104 3302 extremis
2148 3250 2446 3303 Germania

1385 3329 1493 3381 oris
1515 3328 1720 3379 venisse
1740 3334 1942 3380 certum
1965 3334 2063 3379 est.
2132 3328 2250 3379 Nec
2272 3334 2449 3379 tamen

1387 3405 1507 3457 ideo
1544 3404 1855 3456 audiendum
1887 3419 2003 3455 esse
2031 3404 2327 3457 Cluverium
2362 3403 2451 3455 bic

1387 3479 1750 3534 emendantem
1766 3481 2060 3546 Germania,
2073 3480 2309 3534 ostendit
2321 3480 2452 3531 Vos-

1388 3558 1495 3610 sius
1518 3558 1584 3609 sd
1604 3558 1792 3609 Vellei.
1814 3571 1880 3610 u.
1906 3561 1985 3608 19.
2050 3557 2189 3609 Nam
2218 3562 2450 3619 veteres,

1389 3634 1576 3699 quibus
1613 3634 1848 3698 regiones
1886 3632 2169 3700 populique
2208 3633 2276 3684 sd
2319 3633 2450 3697 Sep·

1390 3709 1723 3761 temtrionem
1756 3723 1857 3759 non
1891 3710 2018 3760 satis
2052 3709 2250 3773 cogniti
2282 3717 2454 3775 erant,

1389 3801 1533 3851 sepe
1575 3786 1784 3837 nomina
1824 3790 1883 3835 et
1919 3783 2049 3834 fines
2086 3784 2356 3835 Gallorum
2394 3790 2452 3834 et

1377 3862 1772 3918 ‚Germanorum
1819 3857 2167 3922 confundunt,
2215 3864 2273 3910 et
2324 3858 2452 3925 Sep·

1393 3937 1767 4002 temtrionaIes,
1795 3936 1954 3987 etiam
1972 3933 2209 3985 Cimbros
2232 3949 2294 3985 ac
2317 3934 2453 3987 Teu-

1393 4024 1561 4079 tonos,
1607 4012 1864 4065 communi
1909 4012 2117 4062 nomine
2168 4011 2454 4076 Celtarum,

1394 4093 1707 4145 Galstsrnm
1759 4095 1816 4142 et
1855 4089 2126 4140 Gallorum
2165 4089 2452 4156 adpellant.

1394 4169 1517 4221 vid.
1547 4168 1749 4232 Interp.
1788 4165 1974 4217 velleii
2010 4166 2047 4215 1.
2083 4165 2136 4218 d.
2173 4171 2231 4216 et
2266 4178 2331 4218 u.
2374 4169 2455 4222 12.

1396 4248 1538 4312 Lips-
1576 4245 1646 4298 ad
1680 4245 1818 4296 Plin.
1853 4243 2113 4308 Psnegyr.
2154 4257 2200 4294 c.
2235 4254 2353 4293 xiv.
2397 4249 2454 4292 et

1395 4323 1657 4374 Peritos..
1692 4321 1760 4372 ad
1788 4320 1975 4373 AElian.
2018 4330 2120 4370 ιιι.
2153 4317 2220 4370 V.
2262 4317 2334 4370 H.
2368 4320 2454 4370 28.
