2950 4892
530 371 707 443 1188
1263 384 1360 438 nn
1410 384 1830 441 comanus-
1861 390 2023 443 aas.

619 540 1050 613 Num-w.
1114 538 1252 609 Ma.
1278 541 1696 627 splendidus,
1737 538 2192 625 illunfinntus,
2237 547 2307 612 in
2349 546 2533 626 fob,
2579 568 2730 615 em-

530 649 783 716 tinens:
825 648 888 712 1.
916 646 1057 713 Titi
1082 645 1248 734 (scr.
1268 646 1457 728 Tito)
1489 646 1669 714 Livii
1697 647 2068 715 Patbavini
2089 648 2402 717 de-Beflo
2423 651 2732 718 Hac&

528 755 728 821 nico:
772 752 840 819 2.
870 752 952 819 L.
991 749 1241 819 Annaei
1277 750 1461 818 Flori
1495 750 1679 818 Hist.
1715 751 2007 818 Libcxv.
2028 772 2052 820 z
2085 753 2157 820 θ.
2194 752 2547 841 Epitomen
2577 772 2726 821 xiv.

534 852 789 922 Decad.
819 846 1019 934 Livii,
1050 855 1194 919 sine
1220 852 1423 933 notis,
1440 856 1796 923 membran.
1829 854 1947 922 sol.
1975 872 2139 924 saec.
2173 872 2304 924 xv.

619 960 822 1029 Num.
850 956 1045 1027 4793.
1107 959 1260 1027 cod.
1306 959 1597 1027 chartac.
1643 980 1804 1028 soec.
1838 972 1972 1027 xv.
2013 961 2158 1046 qni,
2185 982 2346 1029 cnm
2373 962 2726 1050 Eutropio,

530 1066 823 1134 continet
852 1064 1141 1131 Florum.

616 1171 823 1237 Num.
840 1166 1036 1237 5292.
1083 1164 1323 1234 Annoei
1348 1162 1532 1232 Flori
1557 1164 1958 1261 Epithomes
1983 1169 2070 1235 de
2086 1168 2248 1237 Tito
2273 1166 2476 1238 Livio
2500 1170 2619 1238 lib.
2640 1189 2725 1236 ir.

527 1268 726 1342 —Ita
752 1270 1024 1341 titulus:
1067 1271 1361 1338 continet
1385 1292 1567 1350 vero,
1598 1293 1730 1338 non
1760 1274 2094 1358 epitomen
2126 1274 2506 1353 Livianam,
2541 1276 2726 1341 Floro

527 1380 908 1463 ascriptam,
923 1376 1041 1443 sed
1062 1375 1283 1460 ipsius
1303 1375 1487 1442 Flori
1511 1374 1906 1456 Historiam,
1927 1376 2072 1442 sine
2093 1377 2322 1444 solitis
2346 1378 2432 1444 Ρ.
2451 1378 2726 1446 Diaconi

530 1484 641 1548 vel
672 1482 953 1548 aliorum
984 1478 1474 1545 additamentis.

618 1585 826 1652 Num.
854 1581 1046 1650 5438.
1090 1580 1240 1648 cod.
1265 1581 1624 1647 membran.
1656 1600 1815 1647 soec.
1853 1596 1981 1647 xv,
2014 1585 2397 1664 continens,
2420 1602 2562 1650 nna
2587 1604 2727 1650 cum

531 1687 878 1754 Ciceronis
942 1690 1108 1752 orat.
1167 1689 1397 1751 contra
1464 1681 1851 1764 Catilinam,
1913 1691 1982 1752 et
2040 1705 2350 1772 respons.
2397 1685 2732 1765 Catilinae,

527 1791 900 1878 (orationes
928 1788 1256 1868 fictitias,)
1285 1786 1364 1852 L.
1393 1784 1638 1853 Annaei
1671 1786 1855 1855 Hist.
1886 1787 2087 1855 Rom.
2107 1788 2631 1876 Compendium.

618 1894 706 1959 Et
738 1893 809 1958 hi
858 1898 1012 1957 sunt
1068 1910 1306 1956 omnes
1343 1889 1619 1957 codices
1672 1889 1862 1957 Flori
1907 1893 1978 1957 in
2029 1892 2281 1961 Museo
2329 1896 2730 1973 Britannico,

526 1996 659 2063 nisi
713 1996 865 2083 quis
918 1994 1123 2062 vellet
1178 1995 1569 2059 intertexere
1614 1993 1934 2079 qnoedam
1973 2014 2179 2062 manu
2223 1998 2516 2083 scripta,
2561 2019 2727 2064 num.

526 2099 720 2165 3371.
743 2099 910 2164 inter
937 2098 1133 2165 codd.
1155 2118 1287 2163 non
1315 2097 1712 2183 descriptos,
1740 2104 1814 2164 nt
1841 2105 2186 2179 vocantur,
2215 2121 2483 2186 nempe,
2511 2099 2730 2167 Anno-

528 2202 817 2269 tationes
849 2222 891 2268 a
918 2200 1246 2286 Magistro
1274 2196 1535 2268 Ioanne
1578 2198 1761 2267 Raio
1798 2202 2094 2287 quodam
2124 2203 2497 2284 dictitatas,
2543 2212 2614 2270 et
2651 2206 2732 2271 ab

528 2304 676 2391 ejus
705 2305 1047 2390 discipulo
1076 2324 1339 2373 summa
1366 2325 1521 2371 cnm
1551 2305 1878 2372 industria
1901 2307 2221 2391 scriptas,
2253 2306 2342 2372 A.
2368 2310 2462 2375 D.
2488 2308 2678 2376 1613.

1243 2527 1455 2595 Codex
1487 2526 2038 2616 Cantabrigimois.

620 2694 704 2767 In
739 2694 1136 2765 Bibliotheca
1169 2692 1444 2763 Publica
1472 2698 1700 2765 nullus
1729 2692 1915 2764 Flori
1942 2698 2170 2764 codex
2197 2706 2455 2768 restat:
2505 2707 2576 2790 et
2600 2701 2730 2786 qui-

532 2806 711 2882 dem,
737 2802 810 2868 ni
826 2802 1141 2882 fallimur,
1161 2802 1385 2867 nullus
1412 2802 1484 2866 in
1504 2800 1958 2885 Collegiornm
1989 2801 2427 2869 bibliothecis
2451 2810 2734 2868 servam·

538 2913 786 2991 praeter
813 2925 1015 2971 unum
1041 2907 1115 2972 in
1150 2904 1311 2971 Con.
1337 2902 1528 2992 Covp.
1547 2902 1808 2985 Christi,
1828 2906 2123 2990 quicum
2148 2908 2241 2972 ob
2261 2907 2402 2971 alia
2425 2908 2734 2972 historica

532 3010 982 3076 oestimandus
1009 3018 1138 3089 est,
1169 3017 1310 3077 tum
1341 3011 1549 3095 quod,
1578 3030 1733 3076 cnm
1749 3011 1952 3076 ceteri
1973 3010 2163 3075 Flori
2189 3010 2474 3077 codices
2492 3010 2734 3077 Britan-

527 3111 664 3179 niei
690 3128 822 3180 non
848 3120 1005 3179 sunt
1020 3113 1219 3181 valde
1245 3114 1525 3199 antiqui,
1548 3111 1658 3179 hic
1687 3121 1796 3179 est
1821 3111 2353 3197 antiquissimus.

1302 3314 1560 3382 Codices
1595 3313 1985 3382 oxonienses.

622 3485 953 3554 Notitiam
996 3489 1313 3556 codicum
1366 3493 1816 3578 sequentium,
1843 3491 1964 3577 qni
2006 3490 2079 3556 in
2123 3485 2520 3555 Bibliotheca
2565 3485 2728 3552 Bod-

528 3589 740 3657 leiano
768 3597 1063 3673 manent,
1090 3594 1369 3680 benigne
1416 3597 1770 3663 nobiscum
1800 3593 2326 3661 communicavit
2353 3590 2728 3660 Alexander

529 3695 787 3778 Nicoll,
843 3696 1026 3765 Bibl.
1073 3697 1276 3765 Bodl.
1327 3698 1763 3784 dignissimus
1808 3696 2376 3783 Sub-praefectus,
2418 3715 2620 3782 qnam
2664 3695 2724 3757 in

524 3798 677 3886 ejus
703 3800 923 3885 ipsius
948 3801 1178 3867 verbis
1203 3801 1442 3867 lectori
1468 3798 1734 3867 damus.

621 3902 817 3968 1243.
885 3899 1097 3969 Laud.
1147 3899 1300 3969 Lat.
1343 3903 1450 3969 58.
1503 3902 1709 3970 Anct.
1760 3903 1839 3970 C.
1881 3904 1999 3970 inf.
2065 3903 2149 3970 L.
2197 3904 2394 3971 Flori
2435 3901 2733 3970 Historia

528 3999 778 4069 Rerum
808 4004 1265 4074 Romanarum
1284 4007 1471 4074 libris
1500 4014 1808 4093 quatuor.
1852 4006 2100 4075 Codex
2121 4014 2444 4074 exaratus
2461 4026 2524 4072 a.
2542 4003 2727 4080 1453,

529 4104 863 4186 scriptura
882 4108 1157 4187 Italica,
1188 4129 1425 4195 parum
1452 4110 1768 4194 eleganti,
1795 4111 1866 4176 in
1889 4111 2319 4191 membranis,
2346 4109 2420 4176 in
2449 4117 2702 4195 quarto.

613 4202 806 4271 2178.
851 4206 1055 4280 Auct.
1089 4212 1169 4279 F.
1199 4214 1263 4279 5.
1291 4214 1356 4279 9.
1423 4213 1506 4280 L.
1540 4213 1789 4282 Annaei
1818 4211 2006 4280 Flori
2037 4213 2381 4282 Histoniae
2411 4213 2730 4282 Romam
