2950 4892
444 388 580 454 620
1142 402 1358 453 κοτε
1405 401 1812 454 νιιιιοιωι
1861 404 1942 453 ιιι

447 545 632 597 κιαι»,
650 544 797 596 voci·
816 544 1181 610 precedentis.
1226 547 1385 612 capu
1406 546 1518 598 um
1589 554 1738 599 aeta·
1757 547 2024 599 totamm:
2089 548 2204 601 mv.
2231 561 2369 602 xm.
2396 553 2482 601 42.
2515 525 2662 604 ‘cir-

449 622 777 689 transpositis
839 621 1050 674 vocibus
1103 621 1305 675 habent
1356 624 1516 675 etiam
1590 632 1894 688 cumassetur
1911 626 2000 677 hic
2021 624 2203 678 orbis?
2263 626 2476 677 Palm
2495 627 2663 693 Ryck.

448 703 614 766 negg.
636 700 772 752 Flor.
794 698 947 751 Fran.
970 707 1029 770 et
1047 701 1213 765 Magi·
1241 706 1300 752 et
1319 716 1385 752 ex
1404 701 1518 753 edi·
1588 704 1725 754 Tell.
1745 703 1896 754 voa.
1926 703 2117 755 Dulsb.
2153 709 2212 756 et
2248 704 2374 757 edd.
2399 710 2539 755 vett.
2574 718 2664 755 ex·

449 779 517 830 tis
541 777 604 830 B.
624 777 677 828 S.
700 783 756 828 et
777 776 830 830 J.
880 776 1135 829 Obuiam
1154 777 1315 828 etiam
1332 792 1363 828 e
1382 777 1516 830 Pall.
1591 788 1750 846 cepta
1768 781 1947 846 prima.

447 856 729 920 scripserat
738 855 1038 906 Salmasius.
1072 855 1136 906 ln
1150 856 1341 907 ceteris
1356 856 1522 920 scrip·

1656 856 1900 921 ἠοῦς-κὶα]
1933 856 2055 907 Non
2077 862 2199 907 sunt
2218 870 2336 923 que
2356 870 2503 922 supr.
2527 869 2568 907 1.
2591 860 2668 908 lo-

449 933 518 998 ti!
540 938 596 982 et
630 931 716 984 etl.
755 938 864 982 vet.
902 938 987 981 est
1019 931 1216 995 obsidio,
1250 947 1353 999 qna
1387 946 1520 983 voce
1588 933 1853 984 ‘monstra
1894 933 2184 997 virtutum‚’
2224 939 2286 985 ut
2323 933 2568 985 Freinsb.
2613 934 2668 984 in

450 1025 555 1062 non
576 1012 899 1063 recentiores
920 1011 1074 1064 modo
1095 1011 1410 1077 Scriptores,
1430 1026 1520 1061 ve·
1592 1009 1714 1061 Iud.
1776 1009 1885 1061 Sed
1906 1010 2242 1075 documenta,
2261 1016 2319 1061 et
2339 1015 2671 1077 argumenta,

451 1102 567 1138 rum
586 1088 745 1138 etiam
782 1086 997 1148 Ennius,
1024 1087 1233 1152 Callus,
1252 1088 1440 1153 Varro,
1462 1094 1523 1140 et

449 1165 664 1218 Sallust.
701 1165 783 1215 usi
836 1171 978 1217 sunt.
1059 1165 1181 1215 Vid.
1217 1165 1411 1218 Merul.
1453 1165 1521 1216 ad

451 1242 587 1293 Enn.
610 1256 665 1307 p.
687 1245 803 1294 614.
871 1242 1129 1294 Obsidione
1153 1257 1326 1306 urgere
1346 1249 1523 1294 eutem

451 1320 537 1371 bic
573 1334 679 1371 nou
722 1326 831 1371 tarn
871 1326 976 1384 est,
1015 1320 1385 1372 munitionibus
1422 1321 1523 1371 cir·

452 1396 711 1448 cnmdatis
745 1397 929 1448 urbem
960 1397 1224 1462 claudere,
1262 1413 1415 1463 quam
1437 1413 1524 1449 oc·

455 1475 664 1539 cupatis
687 1475 816 1526 locis
838 1474 1039 1537 vicinis,
1060 1482 1117 1525 et
1138 1475 1395 1540 presidiis
1419 1475 1526 1526 dis·

454 1553 658 1617 positis,
690 1559 984 1605 commeatu
1017 1551 1250 1617 privare,
1267 1559 1325 1603 et
1354 1552 1430 1603 ita
1449 1552 1525 1602 in-

453 1629 689 1692 cludere,
724 1634 783 1681 ut
818 1643 923 1680 non
955 1626 1113 1679 facile
1144 1627 1423 1694 quidquam
1458 1642 1525 1678 eo

455 1706 748 1772 importari,
763 1706 849 1757 vel
864 1706 1135 1772 quisquam
1155 1706 1359 1771 ingredi
1385 1721 1528 1770 egre·

460 1781 579 1833 dive
611 1782 794 1846 possit.
858 1782 996 1832 Nam
1030 1782 1259 1846 Regulus
1281 1796 1382 1833 non
1407 1798 1526 1834 cum

455 1859 689 1910 exercitu
709 1857 776 1908 ad
800 1858 979 1909 urbem
996 1857 1333 1910 obsidendam
1350 1875 1531 1911 ecces-

455 1943 612 1997 serat,
635 1936 731 1987 sed
751 1936 963 1986 Tunetn
982 1946 1353 2004 occupaverat,
1391 1939 1531 1990 unde

458 2012 723 2076 Carthago
756 2013 1011 2076 conspici,
1045 2021 1102 2064 et
1137 2021 1274 2066 terra
1295 2017 1530 2082 marique

458 2087 693 2142 infestari
714 2095 944 2153 poterat,
964 2097 1025 2140 ut
1045 2091 1236 2156 Polyb.
1261 2106 1300 2143 ι.
1318 2096 1399 2143 80.
1446 2093 1533 2143 Sic

459 2167 519 2217 C.
543 2166 684 2231 Nep.
707 2165 882 2218 Alcib.
903 2180 981 2219 tv.
1014 2168 1031 2196 ‘
1051 2169 1328 2220 Deceliam
1359 2171 1413 2220 in
1436 2169 1534 2221 At-

460 2247 568 2295 tica
583 2244 898 2308 munierunt,
915 2245 1261 2314 prasidioque
1275 2255 1535 2314 perpetuo

354 2375 363 2384 „
459 2321 532 2372 ibi
576 2323 748 2387 posito
787 2323 839 2373 in
874 2322 1146 2374 obsidione
1183 2324 1418 2376 Athenas
1457 2333 1535 2376 te-

459 2397 721 2450 nuerunt!
788 2400 860 2451 Et
891 2400 907 2428 ‘
927 2399 1152 2451 obsidio’
1177 2415 1272 2466 pro
1292 2403 1537 2452 custodia

461 2490 545 2540 ap.
570 2475 764 2529 Justin.
787 2489 853 2527 ιι.
875 2482 957 2529 12.
991 2490 1084 2528 xv.
1109 2483 1158 2532 1.
1190 2485 1248 2529 et
1264 2491 1468 2530 xxxix.
1485 2484 1532 2530 1.

460 2551 892 2617 quemadmodum
936 2561 994 2605 et
1035 2554 1246 2610 obsidere
1289 2556 1344 2606 in
1385 2557 1532 2607 Suet.

462 2630 629 2697 Calig.
651 2644 853 2683 xtvm.
875 2632 893 2662 ‘
914 2631 1071 2685 Quod
1089 2639 1147 2684 et
1166 2638 1371 2698 patrem
1385 2649 1533 2684 snum

461 2706 833 2761 Germanicum
870 2709 1076 2775 ducem,
1107 2718 1164 2761 et
1200 2724 1260 2760 se
1280 2709 1533 2761 infantem

460 2793 587 2837 tuuc
622 2786 987 2852 obsedissent,’
1022 2788 1058 2838 i.
1082 2801 1131 2837 e.
1173 2787 1320 2852 quasi
1347 2787 1399 2837 in
1422 2802 1535 2838 cus·

461 2861 603 2914 todia
621 2864 939 2917 habuissent.
1008 2864 1141 2914 Naz.
1166 2870 1221 2914 et
1244 2864 1379 2914 ulter
1412 2863 1532 2918 Pal.

459 2940 706 3004 trgum.
771 2941 925 2992 Hanc
970 2941 1235 3006 antiquam
1277 2942 1532 2993 rationem

461 3016 727 3066 scribendi
776 3030 894 3067 esse
947 3016 1143 3067 dudum
1192 3018 1534 3072 ostenderunt

465 3090 563 3140 viri
584 3091 743 3142 docti.
807 3091 934 3143 Vid.
974 3093 1043 3143 cl.
1084 3092 1425 3161 Oudendorp.
1464 3096 1532 3147 ad

466 3165 664 3217 Lucan.
703 3180 743 3218 ι.
766 3172 880 3222 147.
918 3167 1040 3219 add.
1076 3170 1275 3224 Mutet.
1314 3172 1380 3223 ad
1416 3174 1535 3227 Cic.

465 3249 555 3292 ιιι.
576 3242 771 3308 Philip.
795 3249 878 3294 1⁸.
912 3245 976 3295 ln
995 3245 1255 3299 Pandect.
1274 3249 1414 3301 Flor.
1436 3251 1469 3301 Ι.
1485 3255 1536 3301 2.

464 3320 511 3383 ᾖ.
553 3323 603 3372 8.
685 3321 745 3371 Sl
787 3323 905 3387 quis
945 3323 1232 3375 cautionib.
1281 3327 1336 3377 ln
1364 3327 1536 3393 judic.

463 3398 642 3450 ‘nulla
678 3401 994 3453 necessitate
1032 3411 1289 3468 urguente
1308 3405 1343 3455 :’
1393 3405 1429 3456 l.
1455 3411 1536 3458 15.

466 3477 534 3528 de
550 3478 775 3544 Recept.
800 3482 816 3509 ⁸
829 3479 1106 3531 Profectio
1118 3496 1341 3547 urguens
1355 3484 1388 3536 ε’
1406 3485 1440 3535 l.
1456 3489 1537 3535 12.

467 3557 514 3619 ξ.
555 3559 635 3605 14.
671 3556 852 3609 Mand.
883 3558 1010 3610 ‘nec
1048 3569 1298 3626 urgueret
1334 3562 1540 3613 debito·

468 3646 579 3682 rem
600 3633 788 3686 snum.'
852 3635 924 3686 Et
959 3636 1223 3703 plerisque
1257 3640 1373 3690 aliis
1404 3640 1539 3690 locis

466 3709 522 3758 in
543 3708 634 3760 illo
654 3710 806 3762 libro.

530 3788 579 3851 §-
610 3791 677 3837 22
712 3788 1040 3854 circini-aete]
1072 3790 1300 3856 Mutata,
1321 3805 1541 3843 conver-

469 3876 545 3928 sa,
575 3864 810 3916 Freinsb.
848 3861 902 3915 in
925 3865 1047 3916 lnd.
1065 3866 1182 3920 Liv.
1217 3881 1434 3919 xxxvn.
1458 3874 1538 3921 16.

466 3946 485 3971 ⁸
505 3940 906 4007 circumagente
940 3958 999 3994 se
1036 3945 1232 3997 vento!
1299 3947 1541 4013 Respicit

468 4014 703 4068 fortassis
722 4018 790 4067 nd
822 4017 1046 4083 effigiem
1082 4021 1349 4087 Fortuna,
1384 4040 1539 4090 qnam

471 4100 602 4145 rote
632 4095 956 4148 insistentem
990 4099 1277 4163 pingebant
1297 4103 1538 4156 RomanI.

470 4170 595 4222 Vid.
616 4171 843 4223 Broekh.
877 4171 944 4222 ad
966 4174 1065 4225 boc
1082 4177 1281 4228 Tibulli
1316 4193 1357 4230 1.
1379 4183 1433 4230 6.
1453 4185 1538 4231 34.

470 4252 758 4302 ‘Versatur
792 4251 954 4302 celeri
986 4253 1114 4304 Fors
1142 4255 1275 4306 levis
1305 4256 1433 4308 orbe
1455 4271 1539 4308 ro-

473 4327 583 4381 te?
649 4327 788 4382 Plin.
816 4339 940 4381 vm.
973 4329 1048 4383 H.
1081 4331 1152 4388 N,
1187 4336 1239 4386 9.
1269 4333 1539 4386 ‘Circum-

1595 1092 1656 1137 ut
1692 1087 1951 1153 ‘insignia
1970 1086 2163 1138 morbi'
2198 1087 2338 1153 apud
2368 1087 2569 1138 Horat.
2603 1100 2670 1138 ιι.

1597 1163 1652 1215 8.
1684 1167 1735 1215 8.
1772 1168 1889 1216 ²³4.
1953 1164 2090 1215 Nam
2134 1163 2414 1230 ‘insignia'
2457 1163 2672 1230 proprie

1598 1247 1717 1290 sunt
1746 1241 1895 1305 signa
1915 1247 1974 1292 et
2003 1239 2216 1304 iudicia,
2247 1240 2438 1306 quibus
2474 1238 2672 1306 aliquid

1596 1318 1848 1381 noscitur,
1865 1322 1922 1368 et
1942 1317 2007 1368 ab
2030 1318 2145 1368 aliis
2168 1317 2506 1368 discernitur.

1666 1394 1816 1458 Cuius
1840 1394 1954 1456 sere
1985 1393 2288 1459 magnitudo]
2332 1394 2476 1445 Vide
2499 1407 2681 1459 supra,

1602 1476 1652 1535 1,
1668 1476 1752 1536 ts,
1774 1476 1823 1523 8.
1844 1470 1937 1523 inf.
1958 1476 2010 1533 s,
2033 1475 2218 1536 18‚1s.
2254 1471 2342 1523 Fr.

1661 1552 1708 1616 ς.
1729 1553 1795 1602 23
1845 1550 2201 1616 Xanthippum]
2250 1549 2498 1612 Orosius,
2533 1555 2587 1616 4,
2627 1556 2677 1604 9.

1598 1629 1959 1693 Xanthippum
1972 1630 2129 1692 hunc,
2150 1643 2325 1693 regem
2345 1630 2543 1680 Laced.
2560 1641 2674 1682 eum

1601 1706 1807 1757 auxiliis
1824 1706 2051 1757 accitum
2073 1706 2290 1757 scribit:
2333 1705 2475 1771 qnod
2496 1719 2674 1756 verum

1600 1799 1736 1847 esse,
1757 1789 2107 1850 praeterquam
2129 1783 2268 1850 quod
2291 1782 2560 1834 Auctores
2576 1798 2676 1834 non

1604 1860 1921 1923 adsentiunt‚
1937 1860 2055 1911 ideo
2076 1862 2233 1911 etiarn
2257 1875 2364 1911 non
2379 1869 2532 1926 puto,
2542 1860 2676 1927 quod

1604 1954 1705 1989 non
1730 1939 1806 1989 ita
1826 1939 2064 1989 solebant
2091 1939 2358 2004 Spartani.
2425 1938 2535 2004 Ap.
2557 1939 2678 1990 Jus-

1606 2015 1698 2066 tin.
1734 2018 1790 2077 4,
1810 2019 1859 2078 4,
1890 2019 1941 2066 G.
1975 2016 2324 2080 ‘Syracusani
2359 2016 2615 2066 auxilium
2649 2030 2680 2065 a

1607 2094 2019 2144 Lacaedaemoniis
2057 2095 2375 2157 petiverunt.
2442 2093 2681 2144 Mittitur

1607 2173 1674 2221 ab
1707 2171 1785 2219 bis
1807 2169 2093 2234 Gylippus,
2123 2170 2263 2220 solus
2286 2169 2535 2235 quidun?
2595 2169 2680 2221 Sic

1612 2247 1952 2299 Archidamus
1992 2246 2294 2297 Tarentinis
2328 2246 2556 2309 missus3
2607 2247 2680 2299 sic

1606 2324 1724 2374 aliis
1740 2324 1844 2374 alii.
1910 2324 2026 2375 Qua
2049 2338 2173 2375 vero
2190 2324 2394 2374 ratione
2419 2323 2679 2389 Regulum

1607 2400 1938 2466 Xanthippus
1952 2400 2160 2465 vicerit,
2174 2407 2426 2451 memorat
2447 2400 2681 2451 Frontin.

1606 2482 1726 2540 ΕΛ.
1762 2483 1843 2528 11.
1884 2477 1973 2528 ubi
2012 2477 2147 2528 vide.
2218 2478 2355 2528 Item
2399 2477 2565 2528 Diod.
2602 2481 2682 2537 22,

1608 2559 1689 2607 12.
1725 2555 1806 2605 Id.
1871 2553 2146 2620 Appianas
2164 2555 2218 2605 in
2241 2557 2414 2620 princ.
2435 2555 2681 2605 Punicor.

1606 2631 2065 2697 Carthaginienses
2086 2648 2118 2683 a
2141 2632 2562 2683 Laeedoemoniis
2594 2632 2682 2684 du·

1606 2723 1721 2758 cem
1744 2709 2011 2774 petivisse,
2035 2716 2091 2760 et
2113 2709 2181 2760 ab
2217 2710 2296 2760 his
2316 2710 2683 2777 Xanthippum

1607 2786 1819 2835 missum
1843 2786 2021 2836 tradit.
2091 2787 2207 2838 Nec
2244 2788 2411 2837 multo
2448 2788 2606 2837 aliter
2633 2787 2684 2837 ln

1608 2863 1751 2928 Epit.
1777 2864 1889 2914 Liv.
1915 2875 2083 2914 xvm.
2149 2865 2349 2915 Contra
2369 2866 2624 2930 Polybius
2646 2878 2685 2916 1.

1609 2943 1691 2989 82.
1716 2940 1840 2989 nibil
1864 2939 2023 2998 aliud,
2061 2955 2215 3006 qnam
2250 2955 2412 2991 unum
2434 2957 2467 2993 e
2492 2956 2687 2993 merce·

1610 3017 1772 3067 uariis
1796 3018 1848 3066 in
1871 3016 2085 3068 Graecia
2106 3016 2409 3082 conductis,
2441 3018 2691 3069 Laceda-

1610 3096 1936 3162 moniumque
1990 3103 2045 3146 et
2096 3097 2361 3147 Laconica
2414 3097 2691 3163 disciplina

1609 3172 1865 3225 imbutum
1899 3174 2077 3234 fuisse,
2103 3189 2168 3225 ec
2206 3175 2278 3224 rei
2318 3175 2562 3226 militaris
2585 3190 2687 3226 me·

1609 3250 1838 3303 dicerem
1880 3267 2026 3303 nsum
2071 3251 2317 3302 habuisse
2362 3260 2555 3304 auctor
2591 3262 2688 3304 est.

1611 3329 1684 3379 Et
1724 3326 1857 3380 Aur.
1901 3329 2045 3379 vict.
2089 3342 2136 3380 c.
2173 3341 2260 3379 ιιι..
2303 3331 2689 3380 mercenarium

1609 3404 1829 3456 militem
1851 3412 2026 3457 vocat.
2092 3406 2235 3469 Scio,
2256 3405 2380 3470 quid
2406 3406 2692 3457 adnotave-

1612 3482 1718 3530 rint
1755 3481 2012 3534 Stewecb.
2049 3481 2116 3532 ad
2147 3481 2341 3547 Veget.
2382 3496 2473 3534 111.
2509 3498 2591 3549 pr.
2636 3491 2694 3535 et

1611 3558 1729 3611 Jac.
1753 3559 1918 3609 Gron.
1955 3560 2021 3609 ad
2054 3559 2245 3624 Polyb.
2266 3560 2303 3610 1.
2324 3558 2379 3610 d.
2417 3574 2522 3611 nec
2545 3560 2694 3612 lubet

1611 3650 1867 3702 quarere,
1883 3643 2061 3686 utrum
2084 3635 2247 3686 verba
2262 3636 2481 3702 Polybii
2500 3635 2570 3687 de
2591 3650 2697 3687 me·

1612 3712 1779 3763 diocri
1811 3727 1928 3778 usu,
1959 3726 2024 3762 an
2058 3727 2260 3762 summa
2280 3712 2479 3777 peritia
2502 3714 2584 3763 rei
2605 3713 2697 3763 mi·

1610 3789 1778 3840 litai-is
1812 3790 1918 3840 siut
1950 3788 2273 3854 accipienda.
2341 3788 2452 3840 Sed
2486 3804 2556 3841 cx
2582 3797 2696 3841 tota

1611 3867 1911 3916 narratione
1934 3865 2167 3930 Polybii,
2186 3866 2271 3916 cul
2287 3879 2390 3931 ego
2413 3866 2468 3916 in
2487 3867 2570 3917 bis
2590 3881 2694 3918 ma·

1614 3944 1695 4008 gis
1715 3943 1894 4007 credo,
1906 3957 2061 4009 quam
2077 3943 2490 4009 recentioribus,
2506 3946 2696 4011 liquet,

1613 4020 1978 4086 Xanthippum
2016 4034 2188 4086 neque
2222 4019 2437 4086 imperii
2474 4036 2634 4073 causa
2662 4035 2698 4072 a

1613 4098 2126 4165 Carthaginiensibus
2162 4101 2477 4150 arcessitum
2517 4099 2698 4167 fuisse,

1612 4189 1783 4241 neque
1804 4176 2077 4240 imperium
2100 4176 2281 4241 ullum,
2297 4191 2459 4243 quum
2475 4179 2697 4230 Cartha·

1613 4252 1783 4318 ginem
1821 4253 1985 4315 venit,
2020 4251 2278 4303 babuisse.
2345 4254 2461 4307 Cic.
2498 4270 2588 4306 ιιι.
2625 4255 2694 4306 de

1615 4328 1724 4384 off.
1745 4334 1831 4384 2⁰.
1865 4336 1922 4382 et
1942 4330 2061 4383 Val.
2082 4329 2160 4383 M.
2184 4343 2223 4384 ι.
2247 4334 2295 4382 1.
2321 4334 2403 4384 14.
2429 4334 2694 4398 scribunt,
