2950 4892
671 375 737 423 ι..
779 374 1041 428 Anum
1088 376 1311 427 nolu
1364 378 1509 427 mn.
1557 378 1640 429 11.
1686 381 1847 428 cap,
1891 365 1957 430 6.

229 516 369 609 ψει
404 516 652 583 periodo=
688 519 705 549 ⁴
730 519 790 570 Si
823 520 1137 586 imprecatus
1171 527 1272 583 est,

229 581 285 659 ni,
302 604 357 648 ut
375 597 569 661 vulgari
594 598 756 648 verbo
779 599 1115 662 impostorum
1135 605 1271 662 utar,

226 672 267 726 si
284 673 620 724 exorcisavit!
653 674 802 725 Idem
820 674 980 727 etiam
1000 676 1270 726 observavi

227 763 355 812 sepe
383 750 519 813 apud
552 751 683 801 aiios
716 751 995 814 Auctores,
1018 767 1147 817 quos
1178 753 1282 802 ali·-

227 825 417 890 qasndo
449 842 566 877 cum
612 828 824 892 scriptis
855 828 1118 879 codicibus
1152 844 1271 879 eon·

227 902 331 965 tali,
363 901 449 967 qui
485 901 814 968 frequentius
848 905 945 955 hoc
977 903 1178 956 faciunt
1216 906 1268 955 in

225 978 451 1042 longioris
469 979 685 1044 spiritus
705 981 953 1045 periodis,
972 990 1063 1033 aut
1084 983 1268 1046 hyper·

224 1054 336 1108 bato
356 1056 521 1121 aliquo
542 1056 952 1120 implexioribus.
1018 1059 1155 1110 Quid
1179 1060 1271 1108 mi·

224 1144 324 1180 rum
344 1138 533 1195 autem,
556 1133 867 1196 particulam
887 1134 934 1183 εἰ
964 1134 1019 1184 in
1049 1136 1146 1186 bac
1180 1150 1270 1200 pe-

222 1208 356 1258 riodo
407 1216 602 1272 prater
656 1211 1023 1262 necessitatem
1073 1213 1273 1276 iterari,

223 1298 328 1334 cum
357 1293 412 1334 et
450 1300 645 1336 nomen
683 1285 955 1337 Annibalis
996 1287 1075 1338 bis
1118 1288 1172 1338 iu
1207 1303 1272 1339 ca

223 1358 427 1424 positum
458 1362 551 1423 sit,
572 1360 665 1412 ubi
685 1362 846 1411 semel
870 1362 936 1412 ad
959 1365 1270 1416 senteutiam

222 1434 500 1488 sufficeret?
546 1438 768 1488 Dubius
790 1438 971 1492 deinde
1016 1453 1110 1488 nous
1154 1441 1270 1504 erit,

220 1512 321 1576 quis
336 1512 551 1563 sitiam
572 1513 709 1563 illuns
728 1513 855 1564 diss·
873 1514 1097 1564 habitare
1110 1513 1271 1575 fucrit

220 1587 377 1651 Rana,
409 1591 718 1654 quim-¹³⁸⁶
746 1590 880 1639 ΜΝ
920 1590 1049 1641 aiem
1087 1592 1272 1656 eputari

217 1664 753 1729 Annibali-Gemite&
784 1667 1016 1730 potuerit,
1050 1666 1273 1731 siquod

218 1740 581 1792 Pes-ailina
619 1742 1271 1794 &nemun-⁸130·

218 1817 410 1868 milon-is
432 1818 632 1882 faint,
658 1818 887 1883 Annibal,
914 1820 962 1870 εἰ
981 1822 1272 1885 quenadmo-

217 1895 320 1944 dum
346 1894 489 1944 sciret
516 1894 732 1960 vincere,
749 1895 818 1946 εἰσ
837 1896 913 1947 sits*
935 1897 1134 1947 victor-ia
1157 1895 1272 1946 εσίε·

218 1976 298 2030 set.
358 1972 477 2022 Non
532 1987 674 2037 opus
728 1979 846 2023 erat
898 1973 1127 2039 repetito
1181 1974 1270 2024 iilo

216 2045 425 2111 ΔΝΜ,
456 2048 864 2113 qnod.secundo
900 2051 1014 2101 loco
1045 2050 1270 2114 positum

216 2131 305 2175 est.
335 2125 479 2175 Mn.
544 2124 613 2175 Si
649 2134 769 2190 post
789 2126 805 2155 ‘
829 2125 1088 2178 Annibai'
1107 2127 1270 2179 etiam

216 2202 457 2264 repetitur
500 2201 554 2251 in
596 2202 777 2252 Ber-ol.
822 2202 1011 2255 Duisb.
1048 2209 1106 2256 et
1147 2218 1271 2254 ιο.

214 2277 301 2340 sed
340 2278 390 2327 in
427 2278 489 2328 iis
525 2278 714 2343 paullo
758 2284 882 2330 ante
933 2280 1115 2344 pro-si
1151 2282 1272 2345 qaod

214 2354 415 2414 Pusam,
438 2363 521 2407 est
538 2355 777 2420 siquidm
810 2357 1022 2407 Pennas.
1070 2357 1271 2407 Tollius

216 2429 428 2482 Fortuit.
464 2446 514 2483 c.
548 2444 679 2482 ιιι.
722 2446 754 2482 e
797 2432 1167 2484 sarisberiensi
1197 2435 1272 2484 ita

213 2506 412 2560 laudat.
396 2526 410 2539 ·
445 2510 490 2559 εἰ
518 2511 688 2574 (qaod
712 2510 909 2560 Pausias
939 2510 1074 2560 iliam
1092 2512 1272 2562 dixisse

212 2583 484 2637 Adai-balens
514 2587 814 2638 Bomilcaris
831 2586 1040 2652 ferunt)
1058 2589 1103 2637 εἰ
1121 2589 1274 2639 Asai·

213 2659 284 2712 bd
317 2665 704 2728 qne-adnodan-
746 2664 949 2725 eiaoere,
972 2666 1059 2720 εἰσ
1103 2671 1152 2717 et
1197 2667 1274 2717 uti

211 2737 398 2791 dam
419 2742 606 2791 scisset.
678 2740 792 2791 Nec
816 2742 971 2804 male,
993 2742 1037 2792 si
1071 2748 1125 2791 et
1148 2742 1273 2793 alio·

213 2828 313 2865 rum
355 2818 613 2868 librorum
651 2818 937 2868 auctoritas
978 2818 1271 2870 accederet.

205 2892 308 2960 ,Sed
327 2894 547 2960 imponit
570 2894 760 2945 lectori
782 2894 1006 2948 Tollius·
992 2931 1006 2946 .
1044 2910 1167 2946 uam
1185 2911 1271 2961 sp.

212 2968 455 3021 Barisber.
490 2986 582 3023 111.
626 2975 706 3022 10.
738 2971 852 3022 hec
886 2972 960 3022 ita
989 2973 1271 3038 legunturz

211 3051 403 3111 eudone
436 3049 613 3113 procul
641 3047 783 3098 dubio
818 3055 933 3100 tuae
974 3051 1274 3102 maasias

206 3121 417 3186 aui-ua
435 3126 683 3190 misma,
701 3126 746 3175 εἰ
770 3126 1035 3191 Hannibal,
1055 3130 1274 3192 qaeu-sd·

212 3203 385 3252 udam
403 3205 616 3267 οἰκσετε,
635 3203 705 3252 εἰσ
725 3204 993 3254 etvictoria
1011 3206 1088 3254 ati
1109 3206 1271 3255 sciret.

214 3276 326 3328 Non
344 3277 549 3345 dubito,
580 3280 709 3344 quin
739 3294 863 3330 vera
896 3280 967 3331 sit
990 3282 1273 3345 scriptura,

208 3368 320 3419 ,que
338 3356 563 3419 geminat
584 3356 633 3405 εἰ
647 3373 666 3405 .·
700 3361 784 3408 est
805 3357 942 3406 enim
962 3356 1122 3418 idem,
1144 3371 1207 3407 ac
1228 3356 1274 3406 si

214 3438 325 3494 post
340 3432 671 3497 interjectam
689 3432 1021 3496 parenthesin
1037 3432 1277 3496 dixisset,

211 3507 266 3571 ι’,
298 3508 508 3573 insuam,
549 3509 989 3573 quenadmodum...
1042 3508 1177 3558 Sunt
1219 3515 1275 3566 et

213 3582 329 3634 slibi
362 3587 612 3648 exempla
645 3584 937 3648 hujusmodi
974 3585 1276 3649 geminatio·

211 3672 340 3712 num.
404 3662 468 3713 Si
507 3661 830 3724 interpositis
861 3659 1163 3725 quibusdam
1200 3675 1277 3711 re·

210 3736 342 3797 petit
364 3737 545 3787 Livius
567 3750 659 3786 m.
687 3740 766 3785 19.
790 3740 843 3786 9.
877 3738 894 3766 ⁸
917 3736 973 3786 Si
997 3736 1111 3803 quis
1133 3737 1277 3789 vobis

212 3810 520 3864 humillimus
548 3812 707 3862 bomo
738 3812 805 3862 de
838 3813 992 3878 plebe
1028 3821 1275 3866 vestrm...

212 3889 253 3937 si
270 3889 383 3955 quis
406 3904 474 3940 ex
496 3889 618 3939 his?
666 3890 683 3917 ‘
706 3888 792 3940 Au
808 3889 822 3911 '
847 3890 923 3940 sic
942 3893 1200 3955 repetitur
1224 3893 1277 3941 in

210 3964 249 4020 l·
267 3970 346 4016 52.
371 3981 451 4030 pr.
476 3966 546 4015 D.
570 3966 639 4016 de
663 3967 847 4017 Pecul.
880 3983 1085 4033 quoque
1124 3970 1159 4020 l.
1191 3973 1275 4019 88.

213 4042 258 4105 §-
278 4047 327 4093 4.
359 4043 427 4095 D.
449 4042 518 4092 de
536 4043 697 4093 Usur.
721 4050 778 4094 et
798 4045 813 4072 ‘
834 4052 893 4095 ut
909 4044 922 4064 '
957 4046 1154 4110 saepiss.
1188 4062 1274 4112 ap.

213 4118 323 4168 Liv.
346 4132 551 4169 xxxiv.
568 4123 619 4168 8.
639 4126 696 4170 et
712 4124 797 4170 56.
818 4133 957 4172 aut.
976 4126 1058 4171 28.
1082 4131 1143 4172 et
1164 4123 1278 4173 aliis

164 4241 171 4252 .
213 4195 339 4250 locis
373 4211 462 4262 ap.
496 4198 677 4248 eumd.
711 4212 829 4264 qum
863 4199 1082 4250 adnotat
1109 4200 1164 4251 J.
1186 4201 1275 4252 Fr.

217 4271 446 4324 Gronov.
480 4271 553 4324 ad
589 4272 702 4326 Liv.
738 4285 940 4326 xxvur.
979 4278 1029 4327 9.
1093 4275 1184 4326 Sic
1221 4275 1276 4326 in

2278 364 2407 430 667

1345 521 1384 574 1.
1419 527 1468 572 ὅ.
1517 523 1590 572 D.
1630 522 1786 574 Quod
1827 521 1944 574 fais.
1979 529 2142 574 tutor.
2182 527 2238 573 et
2281 522 2318 573 l.
2355 525 2407 574 7.

1345 600 1393 663 §-
1432 603 1512 649 10.
1567 598 1636 648 D.
1674 599 1739 649 de
1776 600 1928 650 SCto.
1951 600 2229 651 Macedon.
2276 600 2409 650 ‘'l'a·

1346 673 1497 725 meu'
1532 674 1846 740 interposita
1888 678 2188 741 parenthesi
2228 676 2410 727 iterari

1345 751 1595 801 observat
1638 753 1879 803 Raevard.
1911 768 1964 802 v.
2006 755 2134 803 var.
2167 758 2216 804 9.
2267 752 2407 803 Add.

1346 828 1628 891 Wopkens.
1672 828 1906 879 Lection.
1948 829 2168 878 Tullian.
2213 828 2327 878 Lib.
2367 842 2407 877 r.

1342 906 1477 968 Cap.
1503 918 1581 955 v1.
1628 904 1776 954 Idem
1813 906 2060 968 parelcou
2099 904 2410 969 pronominis

1342 997 1394 1032 se
1405 981 1641 1046 Scaliger
1663 987 1817 1045 putat
1832 995 1947 1031 esse
1964 982 2015 1030 in
2030 980 2219 1030 Catuli.
2235 981 2408 1030 Csrm.

1346 1069 1570 1109 xxxvii.
1606 1060 1623 1088 ‘
1649 1059 1719 1108 Et
1749 1058 1846 1107 hoc
1882 1057 2105 1122 pessima
2143 1070 2199 1106 se
2235 1057 2411 1120 puella

1349 1136 1477 1186 vidit
1500 1135 1634 1186 Joeo
1654 1149 1711 1184 se
1742 1139 1799 1184 et
1817 1133 1993 1198 lepide
2014 1146 2204 1184 vovere
2225 1130 2418 1181 Divisa·-

1344 1213 1451 1264 Sed
1474 1212 1543 1262 de
1566 1226 1629 1262 eo
1650 1212 1802 1262 aliter
1833 1210 2000 1261 sentit
2028 1208 2318 1262 Scriverius
2341 1207 2409 1257 ad

1345 1288 1584 1340 Maerob.
1604 1302 1644 1338 1.
1675 1288 1788 1337 Sat.
1811 1290 1863 1337 7.
1919 1327 1928 1334 .
2103 1325 2108 1330 .

1417 1366 1506 1416 Uti
1526 1364 1747 1427 υἰσεωίει]
1768 1363 1948 1413 Simile
1968 1363 2167 1413 dietum
2189 1360 2409 1413 Cesaris

1346 1443 1414 1494 de
1435 1442 1689 1506 Pompeio
1719 1455 1812 1504 ap
1828 1439 2011 1491 Suet.
1997 1454 2051 1489 m
2082 1440 2227 1501 Vita,
2258 1441 2338 1488 86.
2357 1441 2410 1488 3.

1346 1519 1569 1570 Γνσίιιεὴ.

1342 1639 1349 1644 .
1409 1598 1547 1663 §.20
1580 1594 1913 1660 Tanquam
1943 1592 2411 1656 illumatdieiul·

1340 1688 1407 1737 gu
1441 1672 1586 1737 solet]
1633 1672 1771 1724 Quid
1808 1678 1908 1734 est,
1942 1669 2082 1736 quod
2124 1668 2283 1732 vulgo
2305 1667 2411 1719 diei

1344 1750 1556 1800 solitum
1598 1748 1708 1800 ait?
1777 1748 1981 1812 Nempe
2028 1745 2336 1797 Annibalem
2379 1759 2412 1795 a

1347 1827 1531 1891 Roma,
1560 1826 1737 1877 statim
1771 1832 1888 1891 post
1921 1837 2144 1888 pugnam
2173 1821 2411 1872 Cannen-

1346 1918 1476 1967 sem,
1516 1901 1806 1953 adoriunds
1839 1899 2090 1951 avertisse
2131 1898 2210 1949 vel
2243 1895 2411 1947 fatum

1344 1978 1509 2040 urbis,
1527 1979 1614 2028 vel
1636 1978 1799 2042 ipsius
1820 1977 2008 2027 malam
2026 1981 2274 2025 mentem.
2326 1973 2411 2022 ln-

1343 2056 1509 2106 vertit
1530 2055 1666 2120 quod
1701 2054 1770 2105 ab
1793 2055 1907 2119 ipso
1929 2052 2189 2104 Annibale
2211 2051 2411 2102 dictum

1343 2133 1525 2183 Livius
1581 2130 1841 2196 adfirmat,
1889 2144 1993 2181 nou
2034 2128 2242 2194 quidem
2267 2135 2412 2186 tunc,

1344 2223 1462 2260 cum
1495 2208 1780 2260 devicisset
1813 2199 1989 2273 pugna
2015 2205 2275 2256 Cannensi
2309 2203 2410 2253 Bo·

1342 2300 1557 2348 mauosg
1610 2285 1704 2335 sed
1742 2282 2057 2350 aliquamdiu
2097 2289 2233 2346 post,
2273 2296 2412 2342 cum,

1346 2362 1530 2426 Capua
1562 2376 1597 2412 a
1637 2360 1882 2411 Romanis
1928 2359 2157 2420 obsessa,
2195 2364 2257 2408 ut
2299 2369 2412 2410 eam

1345 2439 1596 2490 liberaret
1619 2438 1907 2500 obsidione,
1926 2435 2198 2485 contendit
2219 2441 2275 2485 et
2297 2434 2413 2498 ipss

1342 2515 1410 2565 ad
1436 2515 1657 2565 Romam
1679 2513 1882 2563 obsidio
1907 2509 2258 2575 premendam.
2295 2511 2415 2562 Quo

1346 2591 1555 2658 quidem
1578 2600 1835 2655 tempore,
1856 2603 1993 2650 cum,
2015 2586 2198 2637 castris
2217 2585 2286 2635 sd
2308 2593 2413 2635 ter-

1347 2669 1476 2720 tium
1515 2667 1744 2734 lapidem
1783 2666 1989 2732 positis,
2028 2663 2109 2714 bis
2154 2663 2415 2713 instructa

1346 2748 1461 2798 acie
1497 2746 1772 2798 decertare
1809 2750 2066 2809 parasset,
2102 2747 2412 2805 tempestate

1345 2824 1556 2876 immani
1597 2822 1834 2874 desubito
1868 2827 2072 2882 exorta,
2106 2831 2311 2882 semper
2335 2818 2412 2867 di·

1344 2908 1606 2966 temptum
1649 2905 1732 2949 est
1764 2896 2017 2962 pralium.
2078 2893 2095 2923 ‘
2121 2894 2251 2946 Qum
2291 2891 2414 2956 res‚'

1345 2979 1515 3042 inquit
1554 2977 1753 3038 Livius,
1791 2979 1806 3005 ‘
1832 2975 1888 3024 in
1929 2972 2235 3037 religionem
2274 2969 2414 3034 apud

1346 3053 1541 3102 Poenos
1563 3066 1714 3102 versa
1745 3057 1849 3114 est,
1880 3049 2158 3113 auditaque
2182 3059 2284 3097 vox
2304 3044 2414 3097 An·

1343 3129 1532 3178 nibalis
1569 3125 1768 3190 fertur,
1816 3126 2086 3192 potiundae
2130 3124 2228 3174 sibi
2270 3122 2414 3174 urbis

1344 3209 1529 3258 Roma
1551 3206 1707 3256 modo
1729 3213 1959 3256 mentem
1983 3217 2088 3254 non
2109 3202 2244 3263 dari,
2258 3200 2414 3251 modo

1348 3282 1646 3334 fortunam?
1722 3283 1957 3333 Mentem
1999 3289 2110 3331 tum
2166 3279 2266 3328 sibi
2311 3290 2415 3327 non

1347 3361 1526 3411 datam
1567 3357 1726 3410 fuisse
1771 3358 2056 3422 significat,
2108 3370 2246 3416 cum,
2294 3361 2417 3418 post

1348 3436 1672 3487 Cannensem
1695 3449 1943 3499 pugnam,
1974 3432 2243 3484 consilium
2268 3428 2417 3479 danti

1348 3511 1640 3562 Maharbali
1696 3518 1844 3562 recta
1897 3511 2112 3560 Romam
2167 3506 2314 3557 adire
2359 3513 2417 3555 et

1347 3584 1563 3650 adoriri,
1601 3601 1707 3638 uon
1745 3584 2078 3647 auscultavit,
2117 3589 2175 3633 et
2215 3583 2268 3631 in
2313 3581 2418 3632 alia

1347 3663 1463 3728 ipse
1485 3670 1661 3714 mente
1682 3661 1815 3713 fuit:
1852 3661 2113 3711 fortunam
2146 3672 2269 3708 vero
2293 3664 2416 3708 tunc

1349 3740 1458 3803 ejus
1498 3739 1574 3789 rei
1608 3739 1704 3788 sibi
1740 3737 2050 3801 denegatam
2083 3733 2276 3795 innuit,
2296 3746 2415 3786 cum

1350 3816 1568 3865 Romam
1591 3826 1890 3879 expugnare
1923 3823 2169 3875 aggresso
2203 3821 2302 3858 uon
2335 3822 2417 3858 re·

1350 3891 1564 3955 spondit
1616 3898 1855 3958 eventus,
1904 3891 2220 3950 tempestate
2269 3883 2417 3949 quasi

1348 3971 1554 4020 celitus
1576 3969 1733 4019 missa
1752 3979 1959 4029 semper
1981 3964 2161 4014 eadem
2185 3963 2417 4027 praeliut'u

1351 4052 1582 4109 coeptum
1605 4044 1898 4095 dirimente.
1943 4042 2076 4092 Qum
2100 4040 2417 4090 diversorum

1349 4119 1498 4171 fuere
1521 4127 1815 4182 temporum
1839 4116 2020 4167 Florus
2050 4116 2136 4165 bie
2149 4115 2347 4179 junxit,
2361 4120 2418 4162 et

1351 4204 1632 4260 utrumque
1686 4192 1752 4246 ad
1808 4192 1935 4242 illud
1994 4199 2225 4257 tempus,
2278 4187 2417 4255 quod

1348 4272 1583 4339 proxime
1599 4268 1696 4322 fuit
1718 4275 1840 4338 post
1854 4269 2177 4321 Cannensem
2193 4264 2419 4327 oisdm,
