2950 4892
671 403 736 453 ι..
784 401 1042 454 Anum
1092 401 1314 454 noar
1367 405 1513 455 mn.
1562 404 1645 455 ιι.
1694 405 1856 458 cir.
1900 389 2008 457 20.

159 533 179 560 ¹
248 547 266 578 ‘
283 545 481 600 Crissa.’
544 541 681 599 Vide
702 546 931 598 Pausan.
968 548 1021 597 iu
1058 547 1300 599 Phocicis

249 638 298 687 p.
335 626 447 674 ⁶84.
515 623 810 687 Stephanus
873 623 1074 673 Crisam
1126 631 1299 674 voest.

248 698 368 749 Inda
389 698 582 749 bellum
605 694 838 749 Crisenm
859 696 912 746 in
949 696 1147 749 Justini
1168 696 1302 749 Pro-

249 774 357 840 logo
378 775 558 825 tertio.
624 774 731 825 Sed
752 774 889 839 qnod
922 774 978 824 in
998 774 1103 824 fine
1125 788 1302 826 exem-

251 852 316 917 pli
328 851 651 903 Frontiniani
667 850 902 915 decipiens
916 847 1178 914 scribitur,
1189 865 1304 901 cor·

246 930 492 995 ruptionis
529 927 862 980 manifestum
899 936 1007 980 cst:
1057 928 1303 979 substitui

245 1004 372 1057 forte
406 1006 600 1072 possit,
636 1005 924 1072 deficientes.
990 1005 1107 1058 Quo
1142 1004 1302 1056 verbo

246 1084 399 1135 utitur
430 1082 571 1134 idem
603 1082 809 1134 Auctor
830 1086 883 1146 8,
904 1086 956 1144 8,
977 1086 1028 1134 2.
1096 1082 1177 1132 De
1200 1082 1298 1133 hoc

245 1158 505 1210 Clisthene
520 1157 704 1209 scribit
720 1159 877 1209 etiam
888 1158 1116 1208 Pansan.
1138 1173 1193 1223 p.
1211 1161 1298 1222 99,

246 1237 321 1284 10.
368 1232 526 1285 Adde
560 1234 759 1299 zwing.
799 1233 1013 1284 'l'heatn
1035 1238 1151 1285 506.
1186 1234 1224 1285 f.
1248 1239 1296 1286 1.

242 1309 543 1361 Buchanan.
584 1309 728 1360 nist.
767 1309 915 1361 Scot.
938 1324 990 1375 p.
1013 1314 1129 1361 211.
1173 1310 1227 1359 in
1244 1313 1297 1361 8.

244 1384 457 1436 Galfrid.
507 1384 649 1436 Hist.
689 1385 826 1436 Brit.
865 1389 916 1449 Β,
953 1389 1036 1436 24.
1125 1384 1301 1437 Hodie

241 1462 439 1528 qnidam
463 1463 759 1513 retulerunt
778 1467 860 1514 tot
880 1461 1082 1512 saeculis
1104 1460 1302 1512 inaudi-

240 1546 344 1590 tnm
358 1540 555 1604 scelus,
572 1546 631 1589 ut
650 1538 824 1589 vinum
839 1536 1010 1589 infuso
1027 1539 1303 1603 pharmaco

241 1621 668 1682 corrumperent:
703 1614 796 1666 sed
811 1627 916 1664 nou
935 1615 1148 1678 impune
1170 1615 1305 1665 tule-

238 1698 374 1744 runt.
442 1691 603 1745 Quod
644 1692 779 1742 euim
821 1692 1015 1741 Baldus
1049 1695 1100 1741 2.
1148 1692 1303 1742 Cous.

240 1771 348 1818 188.
378 1768 587 1818 hostem
640 1781 843 1818 veneno
893 1766 1154 1830 occidere,
1200 1782 1304 1818 non

235 1844 472 1896 illicitum
499 1850 671 1908 putat,
683 1844 798 1908 jam
818 1843 1011 1894 dudum
1033 1845 1302 1908 meliorum

235 1922 470 1984 gentium
491 1935 770 1972 consensus
787 1921 1049 1972 abhorret.
1085 1922 1303 1972 Freinsk.

237 1998 418 2050 Mittis
457 1998 602 2060 ηᾷοο
637 2013 811 2051 omno
840 1998 1081 2063 sontibus]
1137 2000 1304 2063 Ryck.

231 2073 600 2140 &uisu-epm
618 2089 789 2125 mm
817 2075 1100 2139 pluentibus.-
1131 2074 1302 2139 forte;

233 2148 430 2210 infectis
464 2149 605 2212 nefas
639 2165 814 2201 venem
837 2150 1074 2212 sontibus.
1127 2151 1303 2203 Graev.

234 2224 409 2293 Magis
438 2234 572 2293 puto
595 2241 710 2277 esse
745 2240 976 2277 errorem
998 2227 1183 2279 scribae
1209 2244 1305 2294 pro

219 2303 410 2369 sistis,
442 2311 508 2355 nt
544 2308 668 2355 sunt
705 2302 896 2353 infiniti
928 2303 1220 2368 hujusmodi
1251 2305 1304 2355 in

219 2381 474 2433 ,omnibus
495 2381 662 2432 libris·
727 2380 793 2430 In
829 2379 1030 2444 eadem,
1065 2393 1167 2445 qua
1186 2381 1305 2431 Bai-

230 2451 350 2522 dn's,
371 2459 652 2510 sententia
670 2456 772 2508 fnit
793 2456 992 2508 Auctor
1014 2458 1194 2522 primae
1215 2456 1306 2508 Vi-

233 2540 302 2583 ta
326 2534 626 2586 Clementis
647 2547 724 2583 vr.
761 2532 816 2584 in
837 2533 1037 2583 Baluzii
1060 2533 1179 2582 vitis
1203 2533 1305 2583 Pa-

229 2623 420 2675 parnm
443 2610 796 2662 Avenionens.
819 2624 870 2674 p.
890 2613 1006 2660 251.
1028 2609 1094 2660 de
1117 2609 1308 2660 Caroio

228 2701 309 2738 iv.
348 2689 497 2755 Imp.
532 2688 793 2740 scribens:
826 2687 843 2717 ‘
867 2687 1083 2737 Carolus
1117 2685 1309 2736 dicitnr

229 2778 577 2831 procurasse,
605 2764 742 2830 qnod
776 2763 947 2815 dictus
982 2778 1105 2814 suus
1126 2763 1309 2813 adver·

228 2846 400 2896 sarius
436 2844 775 2912 (Guntherns
798 2840 1162 2906 Swartzemb.)
1184 2842 1310 2891 satis

225 2920 337 2970 cito
359 2927 613 2972 mortuus
637 2927 754 2981 est;
799 2934 864 2970 an
901 2924 1078 2969 antem
1118 2917 1310 2979 toxico,

223 2996 337 3047 sire
354 2997 466 3048 alio
485 2996 662 3060 modo,
677 2996 805 3047 varii
823 2996 970 3046 varia
986 3001 1108 3045 sunt
1128 2993 1310 3055 locuti,

223 3075 320 3125 sed
335 3074 782 3140 qualitercunque
798 3071 981 3134 fuerit,
995 3085 1100 3121 non
1116 3077 1197 3121 est
1211 3068 1311 3119 sibi

226 3149 295 3199 ad
329 3150 559 3215 culpam
593 3148 968 3213 imputandum,
990 3147 1147 3212 juxta
1180 3144 1310 3197 iliud

222 3226 440 3277 dictura
484 3224 733 3289 vulgare:
787 3225 908 3275 Non
944 3222 1109 3274 refert
1139 3237 1206 3274 an
1227 3235 1307 3272 ar-

221 3304 320 3352 mis
341 3302 618 3352 habeatnr
635 3300 805 3365 palma
819 3300 1050 3352 dolisve?
1081 3299 1188 3350 Sed
1204 3297 1308 3351 vid.

224 3376 385 3428 Grot.
408 3390 509 3428 111.
535 3376 605 3426 de
626 3375 680 3427 J.
699 3377 762 3427 B.
785 3391 848 3427 ac
869 3376 936 3427 P.
961 3381 1009 3427 4.
1034 3381 1115 3426 15.

293 3457 497 3506 eontra
524 3453 617 3516 sas
648 3452 831 3516 Deum]
884 3451 1184 3505 Perizonius
1226 3450 1310 3502 hic

2316 392 2447 461 787

1377 549 1692 615 scripserat:
1726 552 1744 580 ‘
1770 549 1868 601 Fas
1891 554 2043 613 esta,
2075 549 2193 614 fari,
2226 557 2281 602 et
2303 551 2448 604 vide-

1380 633 1467 677 tnr
1490 641 1605 678 csse
1629 627 1740 692 jus,
1775 627 1915 693 quod
1937 626 2277 692 Magistratus
2300 628 2447 680 dicit.

1377 702 1534 754 Unde
1552 710 1609 755 et
1627 705 1643 732 ‘
1662 703 1774 754 dies
1791 701 1950 766 fasti,’
1969 711 2025 753 et
2044 707 2060 732 ⁴
2078 701 2298 756 nefasti!
2340 704 2450 755 Sed

1379 786 1555 828 tamen
1578 779 1830 844 majorem
1868 777 2028 828 habet
2059 776 2450 842 significationis

1381 854 1670 918 emphasin,
1707 868 1860 920 quam
1884 852 2009 916 jus!
2078 852 2305 906 Omnino
2340 859 2452 906 ma-

1374 928 1549 992 jorem
1591 930 1854 995 emphasin
1893 930 2066 981 habet.
2139 931 2353 983 Servius
2396 933 2450 984 in

1381 1006 1531 1070 Virg.
1557 1021 1596 1057 ι.
1620 1005 1691 1057 G.
1710 1010 1826 1058 269.
1862 1006 1880 1037 ‘
1896 1007 2106 1072 Quippe
2124 1007 2282 1060 etiam
2298 1007 2452 1061 festis

1382 1081 1617 1147 quaedam
1641 1096 1889 1133 exercere
1912 1082 2098 1134 diebus
2121 1084 2223 1136 Fas
2246 1091 2303 1137 et
2323 1087 2450 1150 jura

1380 1157 1560 1207 sinunt
1578 1157 1612 1207 :'
1643 1158 1661 1187 ⁴
1687 1155 1796 1208 fas'
1820 1158 2355 1227 interpretatur,jura
2376 1162 2451 1212 di·

1379 1232 1532 1294 vina;
1567 1234 1583 1260 ‘
1596 1232 1750 1297 jura,'
1765 1234 2012 1285 humana:
2049 1241 2105 1285 et
2124 1237 2140 1263 ‘
2156 1234 2265 1287 fas·
2286 1237 2352 1287 ad
2372 1251 2455 1288 re·

1380 1308 1648 1372 ligionem,
1684 1308 1701 1337 ⁴
1717 1308 1865 1374 jnra'
1912 1310 1981 1361 ad
2017 1311 2252 1363 homines
2287 1314 2454 1378 perti·

1379 1399 1508 1435 nere
1527 1384 1674 1438 dicit.
1742 1384 1921 1436 Livius
1943 1400 2144 1453 quoque
2165 1401 2347 1439 xxvu.
2367 1393 2452 1440 17.

1379 1464 1495 1514 brec
1515 1462 1696 1514 eodem
1716 1462 1872 1514 modo
1890 1462 2100 1514 videtur
2115 1464 2455 1530 distinguere.

1383 1539 1522 1591 Nam
1546 1539 1687 1605 quod
1709 1539 1873 1603 primo
1903 1541 1920 1569 ‘
1944 1538 2023 1589 fas
2046 1554 2107 1589 ac
2119 1539 2245 1605 jus:
2279 1541 2332 1592 id
2357 1541 2452 1593 de-

1383 1614 1509 1666 inde
1538 1614 1555 1644 ‘
1580 1614 1809 1666 divinum
1843 1621 1900 1666 et
1934 1615 2242 1666 humannm'
2277 1625 2450 1682 vocat.

1384 1689 1470 1741 Ita
1502 1691 1518 1718 ‘
1536 1696 1720 1741 contra
1735 1688 1812 1741 fas
1829 1690 2027 1741 Deum’
2050 1697 2152 1756 est,
2167 1697 2352 1743 eontra
2363 1694 2454 1758 jus

1385 1767 1636 1819 divinum.
1704 1767 1923 1819 Grotius
1944 1767 2011 1818 de
2043 1767 2100 1820 J.
2116 1769 2182 1820 Β.
2200 1776 2256 1820 et
2273 1770 2340 1821 P.
2362 1784 2456 1824 ιιι.

1382 1849 1433 1895 4.
1458 1849 1540 1895 lo.
1578 1850 1733 1910 putat
1765 1846 1976 1896 Florum
2016 1846 2091 1900 sic
2125 1847 2290 1913 loqui,
2328 1850 2454 1915 qnia

1384 1919 1484 1971 Jns
1505 1921 1755 1985 gentium,
1793 1921 1933 1987 qnod
1955 1922 2146 1974 talibus
2165 1922 2319 1976 factis
2343 1927 2455 1978 vio·

1384 1996 1545 2060 latur,
1600 1996 1714 2047 Diis
1758 1999 2061 2050 auctoribus
2101 2000 2449 2053 adscribitur:

1385 2074 1603 2137 ejusque
1620 2074 1933 2126 sententiam
1949 2076 2451 2145 probatssschuitiug.

1385 2150 1454 2200 ad
1477 2150 1622 2201 Dial.
1643 2149 1711 2201 de
1734 2150 2003 2203 Oratorib.
2036 2168 2084 2205 c.
2109 2167 2314 2207 xxxvr.
2350 2156 2455 2207 Ru-

1385 2233 1566 2292 pertus
1588 2226 1653 2277 ad
1675 2227 1787 2279 h.1.
1821 2226 1985 2278 refert
2021 2228 2087 2280 ad
2122 2232 2451 2295 superstitio-

1388 2319 1506 2355 nem
1538 2305 1812 2367 Veterum,
1848 2305 1937 2370 qui
1963 2305 2125 2370 lacus,
2156 2304 2362 2371 fluvios,
2396 2316 2453 2360 et

1384 2382 1558 2433 fontes
1612 2380 1727 2430 Diis
1782 2395 1959 2431 sacros
2010 2383 2282 2445 putabant.
2349 2385 2454 2436 Sed

1385 2457 1546 2508 credo
1569 2463 1752 2522 gentes
1774 2456 2014 2506 cultiores
2036 2456 2325 2523 hujusmodi
2359 2456 2454 2510 fla·

1387 2532 1519 2597 gitia
1534 2531 1853 2595 improbasse
1873 2530 1983 2582 sine
2006 2540 2249 2597 respectu
2271 2535 2337 2585 ad
2362 2549 2457 2585 nn-

1386 2608 1528 2657 mina
1548 2606 1817 2657 fluviorum
1851 2613 1909 2657 et
1941 2605 2178 2658 fontium.
2249 2610 2319 2660 Et
2352 2610 2456 2663 for-

1389 2684 1537 2734 tassis
1559 2697 1766 2749 quoque
1788 2696 1892 2733 non
1921 2698 2099 2734 omues
2123 2698 2185 2734 ea
2205 2687 2456 2750 supersti-

1387 2761 1530 2812 tione
1547 2761 1872 2812 tenebantur.
1922 2760 2110 2810 Morem
2129 2768 2183 2812 et
2189 2761 2278 2822 sos
2294 2762 2455 2814 etiarn

1385 2837 1603 2888 Tacitus
1621 2836 1893 2901 conjungit
1916 2850 1955 2887 1.
1979 2836 2047 2888 A.
2066 2841 2147 2888 19.
2180 2838 2197 2866 ‘
2216 2838 2323 2888 Cur
2337 2852 2458 2890 con-

1389 2921 1474 2965 tra
1494 2926 1686 2964 morem
1711 2911 1963 2978 obsequii,
1996 2919 2180 2965 contra
2200 2911 2279 2964 fas
2302 2913 2457 2966 disci·

1388 2991 1547 3056 plinae
1568 2989 1671 3039 vim
1694 2988 2016 3039 meditentur
2031 2988 2066 3039 θ’

1457 3067 1516 3117 In
1536 3067 1590 3116 id
1605 3071 1793 3131 tempus
1812 3070 2111 3116 muana«
2132 3066 2274 3117 Rom.
2297 3066 2456 3132 ama]

1389 3143 1510 3194 Hoc
1534 3150 1633 3208 est,
1665 3142 1818 3193 nullis
1840 3140 2050 3206 flagitiis
2081 3141 2460 3194 conscelerata.

1388 3226 1542 3289 Supr.
1567 3230 1762 3287 tamen,
1782 3227 1834 3286 8,
1853 3227 1937 3286 17,
1958 3225 2040 3273 17.
2063 3222 2179 3286 ipse
2202 3222 2307 3272 tale
2330 3221 2457 3287 quid

1375 3302 1456 3356 ‚de
1479 3302 1730 3367 Caepione
1753 3298 2058 3360 retulitsubi
2076 3303 2261 3349 notata
2277 3305 2462 3348 nostra

1388 3378 1527 3428 vide.
1550 3376 1773 3428 Freinsh.
1807 3374 1928 3425 Sen.
1952 3387 2016 3425 ιι.
2039 3373 2106 3425 de
2129 3373 2216 3424 Ira
2237 3375 2285 3424 8.
2308 3372 2460 3423 ‘Vio-

1377 3455 1528 3510 istos
1550 3451 1727 3505 fontes
1749 3449 2001 3504 venenis?
