2950 4892
445 337 579 404 622

443 499 622 549 eoruni
648 510 773 562 qnos
793 496 1017 560 laeseris,
1038 510 1156 548 cum
1180 496 1350 561 possis
1373 495 1512 547 domi

444 580 660 624 securus
682 579 737 623 et
758 574 1040 624 honoratus
1061 578 1245 640 agere!
1313 575 1417 625 Sed
1438 574 1515 624 ni-

443 651 630 701 mirum
668 651 831 702 sensit
869 651 1116 716 Regulus,
1156 651 1292 717 qnod
1329 652 1514 701 Socra·

443 735 551 778 tem
572 728 769 778 dixisse
788 728 1066 793 Epictetus
1086 727 1190 778 fine
1224 727 1513 778 Euchiridii

443 804 736 871 significan
791 808 808 835 ‘
832 803 1098 857 Occidere
1152 820 1235 855 me
1277 803 1513 870 possunt,

443 882 639 933 laedere
676 899 779 934 non
819 881 1074 948 possunt!
1142 884 1310 936 Quam
1336 898 1515 936 vocem

445 975 560 1010 cnm
599 960 753 1012 factis
791 961 1023 1011 imitatus
1056 965 1137 1010 est
1174 959 1404 1009 Thrasea
1427 973 1511 1024 ep.

444 1036 699 1101 xiphilin.
746 1038 762 1066 ‘
802 1037 949 1087 Nero
988 1049 1073 1086 me
1111 1036 1353 1086 occidere
1396 1044 1513 1102 pot·

444 1122 546 1177 est,
569 1115 791 1178 perdere
810 1126 910 1164 non
931 1112 1145 1176 potest!
1198 1113 1260 1163 ln
1282 1113 1379 1164 hnc
1395 1112 1518 1165 doc-

445 1193 584 1243 trina
606 1201 749 1244 totns
771 1197 856 1242 est
883 1194 1084 1242 Seneca
1122 1191 1188 1242 de
1210 1193 1517 1243 Constantia

443 1270 721 1334 Sapientis,
741 1277 796 1320 et
817 1269 884 1319 de
906 1269 1301 1335 'tranquillitate
1324 1265 1517 1321 Animi.

454 1349 543 1399 Fr.

514 1426 684 1476 erucis
715 1426 965 1491 supplicio]
1014 1425 1147 1475 Vide
1184 1424 1411 1489 Appian.
1447 1423 1515 1475 de

445 1501 579 1552 Bell.
595 1501 782 1552 Punic.
803 1501 854 1553 in
879 1503 1031 1553 Orat.
1048 1495 1111 1552 P.
1139 1503 1344 1551 Lentul:
1379 1501 1516 1551 Item

444 1576 579 1627 Livii
602 1578 744 1642 Epit.
769 1583 848 1628 18.
919 1578 1099 1628 Simile
1127 1577 1376 1642 quiddam
1398 1578 1519 1628 linic

442 1651 671 1704 historiae
708 1655 851 1719 legas
896 1651 955 1703 in’
991 1654 1279 1716 Elmacino,
1314 1668 1365 1717 p.
1403 1657 1516 1703 148.

446 1730 523 1780 Id.
585 1731 602 1758 ‘
622 1731 839 1780 Crucem
855 1729 870 1752 ’
893 1729 1022 1780 dicit
1047 1730 1226 1780 Florus
1253 1745 1369 1780 cnm
1392 1731 1516 1781 Sen.

447 1805 514 1855 de
538 1805 841 1856 Provident.
862 1821 911 1857 c.
934 1820 1020 1857 m.
1055 1814 1111 1856 et
1134 1808 1299 1871 Epist.
1325 1821 1520 1858 xcvm.

447 1888 504 1932 et
526 1881 653 1931 Silio
676 1895 737 1932 ιι.
760 1885 878 1932 344.
941 1882 997 1933 J.
1019 1883 1108 1932 Fr.
1133 1884 1363 1934 Gronov.
1386 1886 1520 1935 exis-

448 1958 620 2020 timet,
639 1958 704 2007 ab
726 1957 805 2007 his
837 1957 854 1985 ‘
876 1958 1112 2008 crucem'
1150 1962 1322 2010 vocari
1348 1955 1534 2012 ercnm‘

447 2035 588 2084 illem
627 2035 785 2085 clavis
820 2035 1002 2086 ferreis
1039 2038 1211 2088 acutis
1233 2038 1521 2102 praefixam,

447 2111 499 2161 in
520 2115 674 2175 qnam
712 2112 964 2175 Regulum
1006 2112 1326 2178 impositum,
1362 2123 1522 2180 etque

446 2190 521 2242 its
543 2196 815 2238 enecatum
839 2190 1052 2240 tradant
1077 2192 1330 2257 plerique.
1382 2195 1520 2244 Nam

448 2265 639 2316 ‘crux’
669 2267 828 2316 etiam
862 2282 957 2332 pro
992 2270 1130 2319 omni
1162 2272 1305 2335 gravi
1326 2273 1521 2337 snppli-

449 2341 531 2392 cio
569 2343 627 2391 et
663 2342 893 2392 cruciatu
932 2343 1141 2395 dicitur.
1210 2347 1351 2411 Lege
1373 2339 1519 2399 iunm‘

449 2418 515 2466 ad
553 2416 677 2467 Sen.
709 2417 775 2467 de
811 2419 1026 2470 Provid.
1078 2433 1162 2471 ιιι.
1204 2423 1403 2474 Schult.
1451 2425 1517 2475 ed

448 2494 571 2543 Sen.
594 2494 842 2544 controv.
866 2508 952 2546 ιιι.
988 2503 1045 2546 et
1082 2495 1148 2546 ed
1173 2497 1323 2562 Celp.
1343 2500 1516 2552 Flece.

449 2569 599 2620 Deci.
634 2583 689 2620 v.
750 2576 808 2620 et
860 2571 1133 2622 Drakenb.
1193 2572 1258 2622 nd
1303 2574 1398 2625 Sil.
1442 2589 1517 2626 vi.

447 2650 562 2698 539.
649 2648 737 2697 De
777 2659 970 2712 genere
1016 2650 1276 2714 supplicii,
1329 2666 1430 2715 quo
1487 2668 1520 2703 n

449 2724 961 2788 Carthaginiensibus
980 2724 1218 2779 adfectus
1234 2727 1393 2778 fuerit
1413 2728 1516 2779 Re-

449 2800 614 2863 gulus,
633 2815 735 2850 non
757 2801 891 2851 idem
915 2802 1255 2866 prodiderunt
1275 2812 1512 2855 veteres:

449 2865 544 2924 sed
567 2874 690 2924 diris
711 2876 1028 2927 cruciatibus
1053 2878 1310 2931 subletum
1334 2895 1512 2933 omnes

451 2951 800 3001 consentiunt.
837 2953 991 3003 Hanc
1013 2955 1239 3006 omnium
1262 2963 1516 3009 consensn'

451 3032 715 3088 receptam
749 3028 1043 3090 opinionem
1082 3033 1278 3093 primus
1315 3049 1518 3099 oppug-

449 3114 576 3150 nare
597 3100 867 3165 adgressus
887 3111 966 3153 est
981 3105 1208 3156 Jacobu·
1226 3108 1516 3162 Palmerius

454 3178 917 3229 Grentemesnilins
939 3180 991 3228 in
1010 3182 1298 3235 Exercitat.
1321 3183 1385 3234 ed
1410 3186 1517 3251 Ap-

453 3253 594 3316 piani
618 3251 819 3303 Punica
841 3256 1021 3318 princ„
1041 3257 1198 3322 idque
1218 3261 1518 3326 rationibus,

454 3336 513 3378 nt
536 3329 658 3378 milii
683 3330 889 3394 quidem
913 3332 1136 3397 videtur,
1163 3348 1264 3384 non
1286 3343 1517 3387 contem·

451 3403 653 3466 neudis,
688 3420 833 3470 quas,
870 3421 1025 3471 quum
1058 3408 1195 3459 liber
1217 3410 1268 3459 in
1291 3407 1516 3463 omniurn

453 3478 691 3529 menibus
722 3480 808 3544 sit,
840 3482 939 3532 huc
960 3497 1061 3533 non
1095 3486 1514 3539 transcribendas

457 3554 599 3606 duxi.

523 3633 607 3682 De
626 3631 832 3693 fortuna
851 3634 1181 3703 triumphavit]
1212 3639 1332 3689 Sen.
1370 3653 1422 3690 v,
1446 3641 1516 3691 de

457 3708 641 3760 Renes.
681 3714 731 3760 8.
761 3712 780 3742 ⁸
805 3712 978 3763 Nemo
1018 3720 1282 3765 trecentos
1322 3717 1514 3768 Fabios

456 3785 621 3836 victos
641 3786 790 3851 dicit,
812 3789 903 3839 sed
927 3790 1142 3840 occisos.
1188 3792 1258 3841 Et
1282 3793 1514 3856 Regulus

457 3868 641 3924 captus
679 3870 763 3913 est
800 3879 832 3913 n
865 3864 1057 3931 Poenis,
1093 3881 1196 3917 non
1220 3868 1418 3929 victns;
1460 3879 1514 3921 ct

458 3936 685 4000 quisquis
707 3939 833 3989 elius
849 3943 1111 3994 saevientis
1131 3943 1354 3995 fortunae
1377 3947 1427 3996 vi
1452 3962 1514 3997 ne

459 4010 688 4075 pondere
708 4027 981 4078 oppressus
998 4031 1100 4068 non
1123 4020 1384 4071 submittit
1406 4026 1512 4075 ani-

467 4086 643 4135 mum!

518 4161 639 4224 §.2⁷
666 4163 858 4214 Metello
877 4168 1099 4235 Consule]
1122 4171 1215 4221 Sia
1230 4174 1388 4225 eiiam
1410 4177 1514 4226 Eu-

459 4245 594 4302 trop.
619 4252 679 4290 ιι.
705 4244 782 4291 13.
805 4248 860 4291 et
882 4257 949 4293 ex
972 4259 1034 4294 eo
1059 4247 1212 4300 Oros.
1237 4263 1312 4302 iv.
1335 4257 1382 4303 9.
1438 4253 1515 4304 At

1161 351 1378 401 1401·AE
1428 349 1828 402 VAmoRuM
1879 349 1962 401 IN

1588 498 1778 565 Polyb.
1816 511 1858 547 ι.
1892 499 1978 560 40,
2015 491 2221 546 confert
2254 492 2307 543 in
2350 504 2546 542 annum
2581 503 2655 540 se·

1589 581 1854 641 qnentem‚
1871 587 1973 640 quo
1995 572 2245 622 Metellus
2268 571 2321 620 in
2344 567 2532 618 Sicilia
2551 566 2656 616 bei-

1589 651 1694 701 lum
1719 649 1940 714 gerebat
1954 664 2048 713 pro
2072 647 2315 697 Consule.

1651 727 1956 794 Spirantibns
1976 725 2146 790 auius]
2176 723 2434 790 Superbis
2472 729 2534 773 et
2554 720 2658 770 eln-

1588 805 1810 858 tioribns
1858 805 1926 855 nb
1964 819 2023 855 re
2069 804 2202 854 bene
2255 806 2426 867 gesta.
2518 799 2662 852 Aet-³

1590 898 1731 950 saepe
1776 884 1969 934 dicitnr
2010 882 2077 932 de
2116 880 2370 946 superbis.
2469 878 2661 928 Senec.

1589 962 1761 1027 Epist.
1783 974 1911 1012 ειν.
1942 962 1960 990 ‘
1984 959 2199 1022 Omnes,
2224 971 2353 1021 quos
2387 956 2552 1005 altius
2585 953 2663 1002 in-

1589 1038 1779 1090 cedere
1809 1036 1991 1088 vides!
2057 1037 2130 1085 Et
2151 1036 2405 1086 controv.
2429 1044 2497 1080 u.
2529 1029 2549 1059 ‘
2571 1028 2665 1080 Al-

1589 1115 1693 1165 tins
1707 1113 1954 1180 quiddam
1976 1111 2355 1178 superbiusque
2372 1109 2529 1158 vultu
2552 1107 2665 1172 ipso

1589 1190 1996 1256 praeferentem!
2048 1191 2190 1240 Flor.
2233 1201 2274 1237 ι.
2311 1191 2400 1237 26.
2434 1191 2493 1235 et
2518 1198 2594 1234 tv.
2614 1188 2668 1233 9.

1589 1269 1789 1334 ‚spirare
1827 1276 1882 1319 et
1919 1267 2119 1333 spiritns
2152 1262 2338 1316 itidem
2369 1263 2440 1312 de
2465 1259 2669 1311 ferocia

1592 1357 1647 1399 et
1670 1348 1931 1413 superbie.
1966 1347 2028 1397 C.
2057 1346 2197 1410 Nep.
2235 1343 2397 1393 Dion.
2425 1356 2482 1391 ν.
2519 1342 2538 1369 ‘
2563 1341 2669 1390 Re-

1591 1427 1702 1490 gios
1719 1426 1927 1490 spiritus
1951 1422 2200 1490 repressit
2215 1420 2247 1471 ι’
2279 1419 2390 1469 vid.
2417 1418 2497 1469 ibi
2519 1416 2668 1469 Geb-

1590 1503 1736 1554 hard.
1760 1509 1816 1553 et
1837 1502 1906 1553 N.
1932 1501 2115 1551 Heius.
2148 1498 2214 1549 nd
2239 1497 2343 1548 Or.
2365 1496 2450 1546 M.
2474 1509 2531 1546 v.
2554 1497 2671 1545 8⁴8.

1590 1577 1696 1632 Sed
1730 1587 2006 1644 utrumque
2045 1577 2206 1627 etiam
2243 1575 2293 1625 in
2328 1574 2524 1626 bonam
2550 1585 2672 1636 pnr-

1593 1664 1700 1708 tem
1743 1657 1983 1707 sumitur.
2038 1655 2273 1705 Gronov.
2317 1650 2384 1700 nd
2428 1650 2558 1701 Seu.
2604 1648 2672 1698 de

1592 1737 1780 1800 Tranq.
1824 1733 1998 1785 Anim.
2043 1748 2094 1783 c.
2122 1736 2172 1783 1.
2194 1730 2392 1781 Schult.
2437 1729 2506 1778 nd
2546 1725 2668 1778 Seu.

1594 1813 1845 1864 Controv.
1885 1826 1949 1864 ιι.
1988 1816 2045 1861 et
2071 1807 2301 1860 Broekh.
2324 1808 2391 1858 ad
2415 1807 2669 1871 Propert-

1595 1903 1658 1953 ιι,
1683 1894 1761 1940 12.
1784 1893 1867 1940 5⁸.

1595 1987 1602 1992 ·
1666 1968 1733 2017 Ut
1753 1982 1839 2017 nec
1868 1965 2070 2031 amplius
2099 1978 2204 2014 eam
2231 1960 2440 2012 imum
2461 1959 2673 2009 conc-ita-

1592 2044 1725 2108 rent]
1777 2045 1922 2108 Lege
1958 2042 2216 2107 primum:
2267 2041 2324 2088 itt
2358 2050 2421 2087 ne
2447 2035 2673 2100 amptius.

1596 2122 1683 2171 Sic
1725 2122 1859 2171 enim
1898 2121 2082 2185 legunt
2119 2116 2304 2182 optimi
2335 2115 2480 2166 libri.
2565 2114 2672 2163 Pro

1595 2191 1885 2249 concitarent
1929 2197 2193 2247 divinaret
2244 2193 2464 2244 doctiss.
2522 2193 2669 2256 Lips.

1594 2277 1879 2338 cogitarent,
1920 2274 2120 2339 optima
2163 2286 2288 2322 sene
2322 2270 2673 2334 cogitatione.

1592 2353 1681 2403 Sic
1703 2352 1838 2402 enim
1862 2352 2021 2402 etism
2045 2364 2207 2414 snpra
2223 2347 2475 2411 legerim:
2511 2344 2676 2409 453⁶·

1593 2428 1726 2478 tabat
1769 2432 1928 2478 antean
1969 2433 2026 2477 ut
2062 2428 2326 2488 Romanus,
2359 2425 2438 2473 ita
2474 2423 2675 2479 Poenns,

1594 2504 1830 2566 Siciliam,
1849 2508 1900 2554 et
1919 2505 2079 2553 eodem
2095 2495 2305 2565 σαίρω-ε
2321 2499 2528 2563 parum
2546 2503 2678 2547 nter·

1592 2579 1680 2644 qne
1700 2582 1822 2631 cotis
1840 2597 1898 2632 ac
1917 2581 2102 2631 viribus
2118 2580 2372 2643 imperim
2392 2576 2528 2626 orbis
2546 2575 2675 2637 cog-i-

1591 2656 1744 2707 tabat.
1812 2657 2142 2722 conjecture
2182 2653 2345 2718 Lipsii
2383 2653 2547 2717 pinne
2571 2648 2678 2700 suf·

1592 2731 1826 2797 frngntur
1849 2733 2074 2797 optimus
2096 2732 2188 2782 ille
2205 2730 2334 2782 Divi
2353 2730 2497 2781 Νη.
2519 2728 2678 2790 liber,

1594 2808 1679 2874 qni
1719 2810 1873 2873 plene
1907 2809 2169 2859 cocitarent
2207 2805 2468 2856 exhibet:
2525 2821 2556 2855 c
2581 2819 2678 2869 pro

1587 2900 1655 2947 g:
1693 2892 1753 2935 ut
1774 2885 1827 2935 in
1846 2886 2052 2948 eodem,
2071 2885 2215 2934 cessit
2240 2898 2336 2948 pro
2358 2881 2541 2945 gessit,
2561 2881 2682 2930 reci-

1590 2974 1700 3010 rare
1744 2975 1839 3024 pro
1878 2962 2117 3024 regirare,
2153 2968 2213 3011 et
2252 2959 2448 3009 similia
2488 2957 2681 3008 eodem

1591 3037 1745 3086 modo
1785 3037 1999 3102 scripte,
2033 3044 2093 3088 nt
2130 3036 2311 3087 multis
2343 3036 2480 3086 locis
2501 3034 2682 3085 obser-

1592 3113 1836 3164 vavimus.
1920 3115 2038 3165 Nee
2089 3114 2247 3164 aliter
2295 3113 2421 3163 olim
2477 3113 2678 3163 lectum

1591 3188 1748 3240 fuisse
1771 3190 1824 3240 in
1847 3190 1990 3241 Flori
2027 3190 2179 3241 libris
2214 3204 2282 3240 ex
2314 3189 2474 3242 Jord.
2500 3186 2682 3253 colligi

1590 3273 1786 3330 potest,
1808 3265 1947 3332 apud
1971 3282 2124 3332 quem
2146 3266 2433 3317 scribitur:
2470 3263 2683 3328 adgredi

1589 3344 1871 3405 cogitarent.
1940 3343 2070 3396 Quis
2098 3359 2205 3394 non
2237 3342 2393 3408 videt
2431 3341 2572 3391 illud
2594 3342 2680 3390 ad-

1585 3420 1745 3482 gredi,
1770 3420 2002 3470 additum
2028 3420 2096 3470 ab
2131 3421 2248 3484 ipso
2270 3419 2428 3471 Jord.
2454 3418 2548 3484 qui
2573 3432 2679 3467 non

1590 3494 1837 3558 capiebat
1875 3496 2121 3547 usitatum
2161 3495 2440 3546 veteribus
2474 3496 2580 3544 boc
2605 3495 2681 3543 lo·

1589 3573 1783 3636 quendi
1823 3575 2023 3637 genus?
2057 3574 2163 3625 Sal.
2241 3574 2313 3623 Ut
2353 3588 2446 3624 nec
2470 3574 2686 3637 anplius

1589 3663 1692 3699 eam
1707 3650 1909 3701 insulam
1923 3650 2244 3714 concitarent]
2268 3650 2358 3701 Ita
2371 3649 2554 3701 edidit
2567 3650 2683 3699 dili-

1590 3727 1803 3790 gentins.
1836 3730 2090 3780 vinetus:
2127 3744 2229 3779 nec
2253 3729 2415 3779 aliter
2440 3744 2497 3778 v.
2522 3743 2576 3779 e.
2590 3734 2682 3779 ent

1588 3804 1927 3868 manuscript.
1966 3804 2153 3870 Lipsii,
2177 3804 2266 3871 qui
2308 3812 2524 3855 rectum
2545 3806 2682 3855 'een-

1589 3877 1737 3928 sebat
1759 3879 1886 3929 diet.
1910 3895 2030 3946 cap.
2071 3886 2154 3932 19.
2176 3881 2480 3945 cogitarent,
2502 3882 2682 3933 admo·

1589 3953 1711 4003 dum
1755 3954 2142 4008 verisimiliter:
2196 3959 2515 4021 proletariae
2555 3958 2681 4009 edd.

1587 4033 1644 4076 nt
1680 4044 1741 4078 ne
1778 4031 1983 4094 amplius
2023 4048 2082 4083 ca
2125 4034 2284 4083 insula
2325 4036 2680 4087 concitarem.

1589 4102 1727 4153 Pau.
1750 4112 1895 4156 stant
1915 4122 1946 4156 n
1970 4109 2199 4173 vulgate,
2233 4109 2334 4158 nisi
2359 4110 2509 4175 quod
2547 4112 2679 4162 Nan.

1588 4179 1793 4245 hebeat,
1826 4185 1881 4232 ut
1903 4199 1963 4233 ne
1982 4186 2188 4249 amplius
2208 4200 2313 4235 em
2333 4186 2553 4238 hulam
2576 4203 2684 4236 eon·

1586 4256 1808 4321 citarent,
1855 4261 2384 4327 superscriptnmque
2438 4277 2524 4316 eo.
2569 4271 2686 4315 tnn-
