2950 4892
778 413 841 461 ι..
891 410 1148 463 Auum
1203 410 1427 462 nom
1482 411 1625 461 ma.
1675 412 1726 461 l.
1774 408 1936 460 car.
1982 393 2048 460 1.

309 562 417 607 tun
451 566 563 621 prm
601 566 660 606 se
691 554 874 607 tereus
906 554 1195 607 emittatur.
1271 555 1376 607 ve·

303 641 463 684 nuste
476 633 720 683 meliores
759 631 898 698 apud
934 633 1217 699 scriptores
1254 646 1373 698 qum

299 716 427 759 sunt
484 709 742 760 orationis
789 709 1135 760 traducuntur
1179 707 1245 759 ad
1291 723 1374 773 res

298 802 394 837 seu
431 786 592 838 facta.
659 788 748 840 Sic
788 788 928 853 apud
970 788 1216 853 Propert.
1243 786 1262 817 ‘
1284 787 1374 838 In-

298 878 526 928 crepare
542 864 705 915 boves
727 862 973 917 stimulo?
1005 864 1198 915 Tibull-
1222 863 1374 928 Eleg.

300 953 341 990 1.
364 944 415 990 1.
461 940 480 970 ‘
500 939 621 991 Nec
654 946 839 991 tamen
879 938 1140 991 interdum
1182 938 1376 1005 pudeat

300 1017 537 1067 tenuisse
557 1017 846 1080 bidentem,
881 1017 991 1069 Aut
1024 1018 1235 1069 stimulo
1265 1025 1374 1069 tar·

300 1093 399 1144 dos
436 1095 765 1160 increpuisse
804 1094 999 1147 bores!
1062 1095 1152 1147 Sic
1189 1101 1247 1146 et
1281 1095 1375 1146 ob·

293 1171 575 1236 jurgamus
595 1185 758 1235 voce3
779 1171 958 1232 feralis
991 1179 1168 1223 tamen
1202 1179 1261 1225 et
1277 1172 1377 1238 fla-

298 1246 692 1310 grisobjingm
726 1247 862 1299 dixit
896 1250 1111 1300 Sueton.
1155 1250 1271 1301 Cal.
1293 1253 1378 1301 2⁰.

301 1325 320 1353 4
344 1323 455 1373 Eos
477 1331 679 1388 autem,
707 1326 798 1391 qui
828 1325 1053 1376 maxime
1084 1325 1378 1391 displicuis-

300 1406 445 1463 sent,
484 1401 691 1464 scripta
729 1414 823 1451 sua
863 1402 1083 1466 spongia
1133 1403 1378 1466 linguave

296 1476 489 1527 delere
515 1477 848 1542 jussoa,·nisi
880 1476 1060 1528 ferulis
1094 1477 1379 1543 objurgari,

300 1557 400 1603 aut
434 1550 654 1603 flumine
677 1553 930 1618 proximo
967 1554 1152 1617 mergi,
1188 1552 1377 1604 voluis-

296 1629 460 1683 aaut?
529 1632 660 1683 oth.
680 1636 732 1683 Ξ.
767 1634 786 1665 4
808 1630 858 1682 Α
883 1632 1050 1698 prima
1071 1632 1375 1683 adolescen-

298 1709 381 1758 tia
402 1707 658 1772 prodigus
678 1722 742 1759 ac
766 1723 983 1774 procax,
1002 1710 1132 1761 adeo
1155 1719 1214 1779 ut
1234 1726 1375 1777 saepc

298 1784 482 1851 flagris
526 1786 894 1851 objurgaretur
935 1801 967 1837 a
1026 1785 1218 1852 patre!
1307 1788 1375 1839 Et

299 1863 321 1892 4
338 1863 501 1914 Solea
533 1864 694 1913 rubra
714 1862 1023 1928 objiirgare’
1061 1863 1201 1928 apud
1225 1863 1374 1915 Pers.

300 1938 417 1990 But.
433 1952 491 1989 v.
534 1938 897 2004 Asper-namur
916 1947 972 1992 et
993 1939 1260 1991 laudamus
1281 1952 1376 1992 ore

305 2023 363 2066 et
386 2015 822 2080 verbis3'1'ucitus
839 2022 1012 2066 tamen
1029 2015 1378 2078 dixitfremitu

304 2092 557 2156 ammi
577 2099 634 2142 et
653 2091 805 2142 armis
824 2093 1034 2143 laudan.
1101 2094 1188 2143 De
1214 2094 1377 2145 Mori-

308 2168 404 2218 bus
424 2168 614 2219 Germ.
637 2173 720 2219 n.
763 2170 781 2199 4
804 2169 863 2219 Si
883 2168 1147 2235 displicuit
1168 2177 1376 2221 senten·

306 2246 400 2307 tia,
420 2243 641 2295 fremitu
662 2252 1026 2311 aspernantur,
1057 2244 1135 2295 iin
1159 2246 1377 2311 placuit,

303 2320 540 2371 frameas
605 2321 927 2372 concutiunt.
1026 2321 1378 2372 Honoratissi-

308 2408 455 2470 mum.
484 2412 726 2448 assensus
756 2410 919 2462 genus
948 2405 1049 2460 est,
1080 2400 1241 2449 armis
1272 2400 1380 2449 iau·

306 2474 473 2526 dare!
530 2474 550 2503 4
568 2472 894 2525 Admonere’
912 2488 1116 2542 quoque
1132 2475 1379 2525 orationis

312 2558 422 2613 αις
458 2550 755 2601 Columella
785 2557 957 2601 tamen
982 2550 1117 2602 dixit
1148 2552 1167 2582 ‘
1185 2552 1380 2603 Admo-

309 2642 436 2678 nere
471 2626 725 2691 flagello:
785 2634 843 2677 ct
878 2627 1124 2693 Virgilius
1157 2626 1381 2679 ‘Admo-

298 2718 438 2754 nere
478 2701 625 2756 telo?
688 2702 707 2732 ‘
732 2701 1012 2754 Refutare'
1051 2713 1108 2755 et
1156 2705 1172 2733 4
1196 2703 1382 2755 confu-

310 2779 455 2831 tare'
498 2787 600 2841 eut,
643 2778 959 2844 redarguere
1003 2779 1197 2831 verbis.
1266 2779 1379 2831 cic.

306 2862 493 2907 tamen
534 2855 604 2905 de
644 2856 937 2906 Provinciis
976 2856 1379 2908 consularibus:

304 2938 322 2965 4
344 2934 572 2998 Semper
590 2933 704 2984 illas
743 2933 985 2983 nationes
1023 2934 1185 2984 nostri
1208 2934 1382 2997 Impe-

308 3016 516 3060 ratores
539 3008 846 3060 refutandas
864 3010 1039 3074 potius
1056 3010 1212 3069 bello,
1227 3023 1380 3074 quam

310 3087 661 3149 lacessendas,
696 3085 1057 3151 putaverunt.⁸
1137 3085 1290 3137 Idem
1327 3086 1382 3135 in

309 3164 520 3214 Tuscui.
556 3163 764 3216 Quaest.
806 3163 824 3192 4
848 3160 1129 3213 Refutetur
1163 3176 1225 3212 ac
1262 3161 1383 3227 reji-

314 3241 491 3290 ciatur
518 3240 885 3291 Philocteteus
921 3240 1011 3290 iile
1049 3238 1296 3302 clamor3’
1329 3239 1383 3289 id

312 3325 433 3381 ests
457 3317 790 3382 reprimatur.
879 3317 1011 3368 Cato
1061 3315 1201 3380 apud
1245 3315 1385 3367 Geli.

313 3402 413 3444 vn.
436 3397 488 3444 8.
518 3394 539 3422 4
563 3393 647 3444 Ne
684 3392 813 3460 quid
848 3393 900 3443 in
936 3393 1257 3444 consulendo
1293 3393 1383 3443 ad-

310 3469 447 3520 versi
470 3471 701 3532 eveniat,
734 3470 870 3537 quod
902 3476 1105 3522 nostras
1128 3471 1385 3522 secundas

310 3543 398 3598 res
417 3546 695 3599 confutet?
732 3546 900 3599 Grau.

381 3625 551 3675 Prima
584 3629 712 3675 certe
741 3624 939 3675 victima
960 3624 1092 3691 fuit]
1128 3626 1385 3689 Lucanus,

314 3706 367 3764 1,
391 3707 475 3753 ⁹5.
531 3706 548 3729 4
575 3703 835 3753 Fraterno
878 3702 1030 3766 primi
1074 3702 1385 3756 maduerunt

312 3779 569 3843 sanguine
591 3776 765 3829 muri!
799 3778 887 3829 Fr.

314 3864 321 3869 “
384 3853 721 3919 Canacen-crit]
752 3854 918 3906 Simili
953 3853 1124 3921 figura
1162 3856 1234 3906 D.
1260 3854 1385 3905 Hie·

313 3946 519 3999 ronym.
548 3936 600 3984 iu
625 3934 804 3998 Epist.
829 3932 895 3983 ad
912 3932 1216 3985 Rusticum:
1248 3936 1265 3962 4
1284 3934 1387 3984 Ro·

317 4024 415 4072 ma,
436 4014 496 4059 ut
516 4008 734 4060 condita
749 4008 991 4073 est,duos
1009 4008 1200 4062 fratres
1222 4011 1389 4074 Reges

316 4084 509 4136 hahere
529 4099 634 4135 non
656 4084 858 4149 potuit,
898 4093 954 4135 et
990 4087 1273 4159 parricidio
1297 4087 1389 4137 de-

316 4161 556 4212 dicatur!
636 4162 705 4211 In
758 4161 858 4211 hoc
910 4161 1121 4213 dentem
1177 4163 1390 4227 stringit

314 4239 647 4291 :lastinianus
682 4237 867 4288 Const-
901 4238 967 4288 ad
996 4237 1209 4290 Tribon.
1240 4242 1285 4311 ς.
1311 4245 1388 4290 10.

312 4314 394 4367 tbi
411 4334 431 4368 τ
469 4317 487 4345 4
510 4315 744 4368 Romam
766 4314 974 4368 autem?
998 4316 1086 4367 Ἰὼ
1118 4332 1125 4337 ·
1150 4318 1388 4368 Demece

2380 392 2511 462 451

1449 556 1600 607 Remi
1613 556 1757 607 varie
1772 555 2113 620 prodiderunt
2128 552 2347 606 Veteres
2364 569 2378 603 ε
2397 553 2513 605 Liv.

1449 644 1486 682 1.
1509 635 1561 682 7.
1591 632 1816 696 Dionys.
1846 631 2020 682 Helle.
2041 645 2083 681 1.
2122 633 2208 681 87.
2241 629 2509 681 Plutarch.

1450 708 1656 760 Romul.
1678 709 1838 760 Ovid.
1863 709 2003 760 Fast.
2022 722 2098 759 iv.
2131 712 2247 760 887.
2282 715 2341 759 et
2363 708 2510 777 Serv.

1447 786 1515 836 ad
1539 786 1683 851 virg.
1721 784 1839 838 AEn.
1860 800 1938 837 vt.
1974 789 2089 838 780.
2151 786 2350 838 Veram
2392 801 2516 836 cau-

1449 877 1564 913 sam
1591 863 1797 927 aperire
1819 862 2027 914 videtur
2057 863 2241 914 Cicero
2264 862 2332 914 de
2353 858 2512 913 offic.

1450 951 1537 990 m.
1556 944 1635 991 10.
1653 937 1789 990 Add.
1807 938 2088 1004 Augustin.
2101 940 2169 990 de
2186 940 2248 991 C.
2265 940 2445 990 Dav.
2464 944 2513 992 ⁵.

1448 1015 1698 1067 Ceterum
1717 1016 1837 1066 hinc
1859 1014 2053 1066 deinde
2073 1016 2207 1066 muri
2229 1016 2397 1066 sancti
2421 1016 2508 1065 lia-

1446 1091 1545 1144 biti
1562 1098 1705 1157 snut,
1728 1097 1789 1142 ut
1806 1092 1959 1144 estin
1980 1093 2020 1144 1.
2045 1093 2139 1143 ult.
2161 1093 2229 1143 1).
2252 1093 2319 1144 de
2338 1092 2509 1144 Divis.

1448 1181 1548 1218 rer.
1566 1174 1623 1218 et
1661 1170 1707 1234 ς.
1732 1173 1811 1218 10.
1833 1167 1967 1219 lust.
1989 1168 2103 1220 eod.
2139 1168 2278 1234 quod
2312 1168 2377 1219 ab
2399 1167 2512 1233 ipso

1451 1244 1677 1296 Romulo
1698 1246 2039 1298 constitutum
2059 1246 2256 1298 indicat
2275 1246 2392 1298 Liv.
2412 1260 2451 1298 1.
2465 1250 2514 1298 7.

1511 1323 1557 1386 §.
1580 1326 1615 1372 9
1646 1323 1912 1386 Imaginem
1939 1323 2108 1388 Urbis]
2139 1323 2225 1374 Ita
2239 1323 2378 1390 apud
2404 1322 2514 1388 Ap·

1451 1402 1593 1468 pian.
1615 1403 1683 1454 de
1705 1403 1841 1454 Beli.
1876 1405 2066 1456 Punic.
2084 1405 2274 1469 legatis
2298 1404 2513 1473 Cartha-

1450 1478 1755 1544 giniensium
1813 1479 2103 1544 respondet
2169 1481 2512 1531 Censorinus:

1450 1555 1569 1617 Vos,
1604 1570 1697 1605 m
1726 1560 1933 1606 vestrum
1962 1558 2130 1620 ωἱιιιιι,
2161 1562 2383 1622 putam
2418 1571 2515 1606 esse

1453 1631 1812 1694 cnr-cangium.
1879 1631 1966 1682 Ita
1998 1632 2374 1683 'Themistocles
2404 1633 2512 1682 ait:

1448 1707 1467 1735 ‘
1495 1708 1727 1758 Patriam
1763 1706 2054 1773 municipes
2086 1722 2217 1771 esse,
2254 1723 2357 1759 uon
2392 1721 2515 1757 moe-

1449 1783 1587 1835 niaz'
1618 1784 1756 1849 apud
1779 1784 1977 1837 Justin.
1998 1790 2051 1853 2,
2071 1790 2154 1848 12,
2177 1790 2259 1837 14.
2295 1786 2385 1836 ubi
2423 1800 2515 1836 no-

1449 1866 1558 1912 tam
1577 1862 1902 1927 Berneggerl
1925 1861 2063 1913 vide.
2130 1861 2328 1913 Eodem
2360 1876 2516 1912 sensu

1448 1939 1589 1990 infra
1618 1943 1670 2002 2,
1689 1944 1740 2000 2,
1762 1944 1847 1991 40.
1914 1940 2056 1992 Hinc
2091 1939 2233 2005 apud
2268 1940 2514 1990 Tacitum

1450 2016 1524 2068 H.
1547 2019 1699 2081 1,84,
1735 2021 1783 2068 1.
1837 2017 1855 2046 ‘
1877 2016 2057 2069 Quid?
2105 2008 2517 2083 vos·pulclierri-

1448 2107 1586 2144 mam
1607 2093 1741 2144 hanc
1760 2092 1966 2157 urbem,
1997 2093 2236 2144 domibus
2259 2099 2316 2143 et
2336 2092 2519 2155 tectis,

1450 2176 1508 2221 et
1527 2176 1776 2236 congestu
1809 2171 2043 2237 lapidum
2066 2178 2207 2221 stare
2239 2168 2456 2221 creditis
2476 2169 2520 2218 Υ

1453 2248 1543 2299 Fr.
1620 2248 1861 2313 Speciem
1905 2248 2133 2313 aliquam
2177 2246 2378 2310 Urbis,
2422 2245 2516 2296 sed

1451 2340 1657 2388 vanam,
1692 2331 1749 2376 et
1783 2325 1896 2375 siue
1935 2339 2016 2388 re,
2052 2324 2192 2391 quod
2214 2323 2403 2374 incolae
2430 2322 2518 2373 de·

1452 2408 1620 2453 erant.
1654 2403 1767 2453 Liv.
1791 2412 1926 2454 xxv.
1963 2402 2046 2452 86.
2091 2399 2109 2428 4
2133 2397 2209 2451 Ut
2232 2407 2402 2451 tamen
2428 2399 2522 2448 ali«

1453 2492 1604 2544 quam
1627 2480 1902 2544 imaginem
1924 2478 2046 2529 valli
2071 2477 2386 2544 oincerent‚
2424 2477 2519 2527 cli-

1455 2558 1609 2607 tellas
1650 2558 1876 2622 illigatas
1933 2555 2177 2608 oneribus
2227 2553 2518 2606 circumda·

1455 2631 1620 2684 baut!
1687 2632 1807 2682 vid.
1833 2633 2017 2684 Heius.
2041 2633 2107 2683 ad
2130 2633 2264 2684 Veli.
2285 2644 2346 2683 u.
2366 2636 2450 2682 30.

1519 2707 1744 2774 Asylum]
1773 2710 1862 2759 De
1885 2708 2089 2759 Romuli
2112 2712 2256 2774 asylo
2286 2715 2412 2758 nota
2433 2721 2518 2756 res

1455 2799 1523 2835 ex
1563 2785 1714 2836 Livio
1739 2778 1786 2849 ι’,
1808 2789 1857 2844 8,
1878 2789 1928 2835 8.
1982 2786 2237 2850 Dionysio
2260 2790 2312 2847 2,
2348 2788 2429 2835 15.
2463 2790 2520 2834 et

1454 2862 1582 2912 aliis.
1647 2862 1919 2913 Juvenalis
1942 2861 1995 2912 in
2015 2859 2176 2912 falsos
2201 2861 2404 2912 nobiles
2427 2858 2516 2910 fin.

1453 2939 1567 2989 Sat.
1585 2941 1637 2988 8.
1667 2940 1684 2968 4
1709 2938 1782 2989 Et
1818 2945 1993 2988 tamen
2015 2944 2074 2989 ut
2114 2939 2269 3003 longe
2291 2944 2520 3001 repetas,

1456 3015 1714 3082 longeque
1735 3015 1974 3065 revolvas
1994 3012 2220 3077 Nomen,
2251 3013 2319 3064 ab
2339 3012 2524 3064 infami

1456 3096 1666 3156 gentem
1706 3088 1920 3139 deducis
1963 3087 2145 3154 asylo!
2231 3089 2320 3139 De
2353 3088 2522 3139 abusu

1457 3174 1629 3217 autem
1674 3166 1930 3231 asylorum
1968 3180 2065 3232 per
2101 3164 2258 3216 urbes
2289 3165 2520 3216 ‘Graecas

1455 3241 1553 3292 sub
1568 3242 1774 3293 Tiberio
1805 3240 1924 3291 vide
1950 3241 2192 3292 Tacitum
2216 3245 2268 3303 ⁸,
2287 3245 2374 3302 00,
2394 3244 2444 3300 2.
2466 3246 2519 3291 et

1457 3319 1708 3383 deinceps
1728 3336 1742 3367 a
1778 3332 1894 3384 quie
1913 3318 2074 3369 etiam
2094 3317 2162 3367 ad
2185 3322 2391 3366 nostros
2413 3329 2523 3366 mo·

1460 3409 1541 3447 res
1582 3395 1966 3447 accommodari
2027 3401 2262 3460 possunt,
2317 3392 2522 3459 quando

1458 3472 1648 3539 passim
1691 3471 1869 3521 similis
1906 3471 2092 3522 abusus
2137 3470 2373 3535 invaluit.
2456 3468 2523 3519 In

1457 3550 1619 3600 sacris
1650 3549 1813 3599 literis
1844 3549 1861 3576 ‘
1885 3547 2042 3599 urbes
2063 3545 2314 3614 perfugii'
2340 3546 2522 3598 dicun·

1459 3634 1548 3677 tur
1570 3627 1734 3690 asyla,
1770 3640 1886 3691 quoe
1908 3626 2053 3676 Deus
2093 3627 2206 3690 ipse
2247 3624 2526 3676 constituit

1459 3704 1619 3757 certis
1641 3703 1943 3771 quibusdam
1965 3702 2185 3754 casibus.
2251 3701 2386 3753 Haec
2413 3702 2525 3752 Rit-

1461 3781 1744 3833 tershusius
1785 3781 1852 3831 ad
1875 3780 2136 3831 Guntheri
2158 3778 2456 3842 Ligurinum
2477 3781 2529 3842 8,

1462 3862 1579 3910 880.
1610 3859 1627 3886 4
1653 3858 1734 3908 Ex
1751 3856 1944 3908 laribus
1967 3854 2159 3920 parvis,
2194 3863 2250 3906 et
2272 3855 2423 3920 primi
2448 3870 2527 3905 re-

1464 3935 1543 4002 gis
1566 3938 1708 4001 asylo
1726 3934 1761 3986 ε’
1796 3930 1951 3984 fateri
1991 3933 2128 3983 enim
2166 3937 2393 3997 oportet,
2432 3946 2527 3996 per

1463 4026 1594 4079 quos
1616 4010 2006 4077 profecerimus.
2058 4008 2413 4059 Meminerant
2434 4007 2527 4057 hu-

1455 4089 1542 4154 jus
1566 4088 1713 4154 asyli,
1746 4087 1954 4153 locique
1978 4083 2069 4136 ubi
2103 4083 2367 4136 conditum
2408 4082 2529 4145 fuit,

1465 4172 1662 4230 praeter
1683 4164 1872 4214 citatos
1896 4162 2080 4212 Victor
2102 4160 2171 4211 de
2192 4160 2305 4209 Vir.
2337 4160 2530 4209 illustr.

1465 4254 1587 4305 cap.
1609 4244 1660 4291 2.
1695 4239 1880 4304 virgil.
1902 4238 2019 4289 AEn.
2044 4243 2093 4296 8,
2129 4238 2243 4286 842.
2285 4236 2526 4286 Lactaut.

1464 4318 1518 4382 2,
1540 4320 1590 4368 7.
1624 4314 1840 4367 'lacinus
1863 4314 1933 4365 H.
1951 4317 2099 4380 s,⁷1,
2118 4317 2168 4376 0.
2186 4311 2530 4363 Suet.‘1'iber·
